1861 3229
158 146 238 183 164
752 140 920 185 Edgarus
944 140 1105 176 Martini.

273 261 483 313 Quoniam
507 258 701 301 codicem
724 257 764 299 H
787 270 841 300 ex
864 257 958 312 ipso
984 257 1095 300 libro
1117 257 1150 299 P
1173 257 1435 314 exscriptum
1467 269 1562 303 csse
1593 273 1707 303 com·

157 331 382 388 probatum
407 331 483 382 est,
515 326 760 381 proximum
783 329 914 369 estut
936 324 1107 380 quando
1130 324 1212 369 hoc
1242 326 1401 369 factum
1433 339 1528 370 esse
1559 327 1705 371 videa-

156 406 225 444 tur
261 408 531 452 quaeramus.
593 408 661 439 res
702 395 974 450 paucissimis
1013 398 1156 450 potest
1193 394 1368 439 confici:
1414 396 1572 440 etenim
1611 410 1707 441 cum

155 470 379 511 contextus
426 465 525 507 libri
568 465 607 506 H
653 464 965 518 propemodum
1014 464 1157 506 omnia
1201 468 1489 507 correctorum
1536 466 1707 510 P2P3P⁴

157 533 385 578 emendata
417 533 484 583 (cf.
518 546 588 588 pg.
615 535 695 576 153
708 535 818 589 sqq.)
851 532 1079 586 contineat,
1112 535 1210 587 post
1240 546 1389 576 manus
1421 533 1476 575 Ρ4
1507 537 1708 578 retracta-

154 604 314 646 tionem
353 602 638 659 perscriptum
681 615 777 645 eum
820 614 913 644 esse
945 601 1219 645 manifestum
1252 605 1329 644 est.
1390 605 1581 645 correcta
1610 616 1708 647 con-

154 677 220 715 tra
251 684 455 714 manuum
487 671 542 713 P5
576 674 619 715 et
650 671 704 714 PG
735 670 912 714 librario
944 669 1105 714 codicis
1136 669 1177 712 H
1207 670 1357 725 ignota
1388 675 1519 714 erant.

269 740 597 783 Correctionum
638 753 741 782 vero
781 739 916 793 ipsius
957 738 1120 781 codicis
1152 739 1191 780 H
1223 748 1300 782 eae
1332 743 1496 782 tantum
1527 739 1709 783 adcura-

156 808 310 851 tiorem
356 807 555 863 flagitant
600 806 988 851 considerationem
1033 819 1143 862 quae
1185 807 1240 850 ab
1281 807 1376 863 ipso
1417 807 1593 851 librario
1634 808 1708 851 ab·

157 877 297 920 soluto
329 881 376 920 ut
407 876 578 920 videtur
610 875 829 919 volumine
860 875 1056 919 adiectae
1088 880 1131 919 et
1163 889 1239 919 eae
1272 889 1383 931 quae
1414 890 1441 919 a
1468 880 1710 920 correctore

158 946 220 989 H2'
251 946 471 1001 profectae
502 948 619 988 sunt:
661 957 847 998 namque
879 944 939 986 H3
978 944 1022 986 in
1053 944 1302 988 universum
1332 944 1436 988 satis
1469 958 1563 990 esse
1594 949 1712 990 ratus

159 1020 224 1058 est
262 1018 413 1068 aperta
457 1013 704 1067 pusillaque
751 1012 907 1067 menda
953 1012 1115 1054 tollere.
1192 1025 1243 1054 ac
1288 1013 1488 1055 librarius
1535 1013 1712 1067 quidem

159 1082 322 1126 codicis
339 1082 379 1124 H
401 1093 571 1136 semper
591 1078 681 1123 fere
704 1079 887 1134 margini
908 1092 987 1122 sua
1008 1078 1251 1135 adscripsit.
1284 1080 1375 1124 eius
1398 1080 1606 1124 lectiones
1630 1079 1712 1124 hoc

160 1151 319 1193 habent
349 1150 566 1202 singulare
590 1148 706 1202 quod
738 1148 932 1202 exceptis
965 1148 1127 1201 paucis,
1162 1147 1217 1191 de
1248 1149 1403 1202 quibus
1435 1149 1546 1191 infra
1580 1162 1713 1204 expo-

156 1216 345 1259 nendum
379 1217 459 1258 erit
490 1216 746 1270 separatim,
780 1228 875 1258 cum
906 1215 1118 1269 scriptura
1148 1217 1321 1270 prima
1352 1216 1514 1260 codicis
1545 1217 1579 1259 P
1612 1230 1712 1260 con-

156 1285 322 1339 spirant
351 1288 484 1338 atque
517 1288 776 1338 congruunt:
808 1283 909 1327 vide
941 1283 1071 1327 modo

270 1352 291 1394 I
323 1353 346 1394 8
378 1355 593 1406 μαντείαν
625 1356 727 1396 text.
756 1353 816 1394 Η1
839 1352 994 1405 Ρ4γΠτ
1027 1350 1231 1408 [μαντίαν
1253 1351 1303 1409 V]
1329 1370 1337 1396 ε
1359 1357 1524 1409 μαγίαν
1545 1368 1630 1408 mg.
1653 1354 1714 1397 Η1

159 1418 361 1477 [μαγείαν
395 1421 487 1463 P1L
532 1421 605 1463 καὶ
637 1424 803 1477 ,ιιαγίαν
834 1418 883 1477 Β]
932 1420 943 1475 ΙῙ
988 1424 1041 1464 34
1079 1420 1239 1464 ἔπειτα
1278 1427 1381 1466 text.
1414 1423 1474 1466 H¹
1507 1424 1562 1466 Ρ4
1583 1424 1715 1478 LyUt

160 1487 311 1545 [ἕπιτα
342 1487 428 1545 V]:
459 1484 511 1531 θ’
549 1487 665 1531 ἑπτὰ
698 1505 782 1543 mg.
816 1490 875 1532 H¹
909 1490 1001 1532 P1B
1031 1489 1044 1545 ΙΙ
1075 1493 1124 1534 37
1159 1490 1237 1546 τὴν
1270 1490 1317 1533 δὲ
1347 1487 1477 1549 τύχην
1509 1488 1714 1548 εὔπορος,

155 1556 234 1613 τὴν
277 1556 323 1598 δὲ
364 1555 509 1612 ψυχὴν
542 1554 836 1607 εὐπαίδευτος
869 1562 973 1600 text.
1007 1558 1065 1599 Η1
1098 1559 1154 1600 Ρ3
1175 1560 1324 1601 LaTK
1368 1557 1461 1615 [τὴν
1501 1559 1548 1602 δὲ
1586 1559 1718 1617 τύχην

157 1620 354 1679 εὔπορος
387 1639 471 1668 om.
496 1623 671 1680 Ζ];τὴν
703 1624 749 1666 δὲ
784 1623 928 1682 ψυχὴν
962 1621 1165 1681 εὔπορος,
1197 1624 1278 1681 τὴν
1310 1626 1356 1669 δὲ
1389 1626 1525 1683 φύσιν
1556 1623 1719 1671 εὐπαί-

160 1691 313 1741 δευτος
337 1706 421 1746 mg.
446 1693 506 1735 Η1
530 1693 622 1735 BPl
653 1692 665 1748 Ι]
697 1695 750 1735 64
778 1689 939 1750 ὀνῆσαι
969 1697 1072 1737 text.
1096 1693 1156 1735 Hl
1189 1694 1243 1735 P4
1265 1695 1359 1737 Lar
1379 1711 1388 1737 ς
1412 1691 1529 1738 ὄνεῖν
1551 1710 1634 1751 mg.
1656 1696 1717 1739 Η1

158 1765 213 1807 Pl
250 1768 354 1807 text.
400 1757 553 1818 [ὄνίναι
587 1763 642 1804 Ρ1
680 1776 763 1815 mg.
797 1756 945 1804 ὀνίναι
981 1759 1029 1816 Β]
1062 1760 1074 1815 ΙΙ
1105 1765 1153 1803 71
1190 1760 1234 1803 ἐν
1277 1762 1479 1813 λιθίναις
1515 1769 1617 1808 text.
1655 1765 1717 1808 H1

157 1834 212 1875 P⁴
234 1833 329 1874 Bar
348 1847 358 1874 z
383 1829 427 1872 ἐν
452 1825 647 1885 ἆθήναις
679 1843 763 1883 mg.
786 1829 848 1871 Hl
871 1829 926 1870 Ρ1
945 1827 960 1884 ss
979 1831 1033 1870 94
1066 1824 1282 1882 ἀρκαόίας
1308 1835 1411 1874 text.
1434 1832 1495 1874 Η1
1518 1833 1574 1874 Ρ4
1592 1833 1686 1875 Βατ
1707 1849 1716 1876 :

156 1897 394 1956 ἡρακλείας
426 1912 511 1953 mg.
543 1898 605 1940 Hl
638 1897 689 1939 Ρ1
740 1897 751 1950 l}
794 1896 835 1939 11
866 1899 915 1939 91
960 1892 1084 1952 ἀρκεῖ
1113 1903 1216 1942 text.
1248 1899 1309 1941 H1
1342 1913 1425 1954 mg.
1459 1900 1514 1942 Ρ1
1547 1901 1677 1944 BLav
1706 1919 1715 1947 :

156 1964 332 2022 ἀρέσκει
364 1982 448 2022 mg.
482 1967 542 2009 Η1
567 1970 670 2010 text.
696 1966 750 2008 Pl
782 1963 795 2022 Ι]
825 1969 879 2009 95
904 1964 1061 2009 ἑκόντα
1082 1971 1185 2011 text.
1209 1967 1271 2010 Η1
1293 1967 1348 2010 Ρ4
1367 1967 1500 2010 BLav
1520 1985 1529 2013 :
1552 1968 1716 2013 ἕκαστα

156 2051 239 2091 mg.
273 2035 333 2077 Η1
366 2036 421 2078 Ρ1
452 2035 464 2090 ΙΙ
498 2038 578 2078 136
611 2034 871 2090 πραότατος
903 2040 1004 2079 text.
1028 2036 1278 2078 H1P⁴Lar
1308 2052 1316 2078 ε
1350 2033 1716 2092 πρακτικώτατος

154 2120 238 2160 mg.
271 2105 331 2148 H¹
365 2105 420 2147 Pl
456 2101 785 2160 [πραξιιότατος
817 2101 865 2159 Β]
899 2103 911 2159 ΙΙ
945 2106 1023 2146 142
1057 2104 1213 2160 φιλίαν
1245 2109 1348 2148 text.
1380 2105 1442 2147 Η1
1475 2106 1529 2148 Ρ4
1553 2107 1715 2151 BLaz:

157 2173 314 2229 φιλίαν
347 2170 472 2222 ἔδοξε
502 2186 586 2226 mg.
618 2172 679 2213 H¹
712 2172 779 2214 P1.

273 2240 547 2295 Adscriptam
588 2239 711 2283 vides
753 2243 953 2295 (excepto
993 2254 1077 2284 uno
1113 2241 1207 2284 loco
1239 2242 1266 2283 l.
1298 2242 1340 2284 II
1372 2243 1442 2292 91)
1484 2244 1714 2287 lectionem

157 2321 309 2351 manus
332 2308 386 2349 Ρ1
410 2308 462 2350 iis
494 2308 600 2351 locis
633 2308 802 2362 quibus,
836 2321 920 2362 quo
953 2312 1146 2362 tempore
1170 2307 1209 2349 H
1232 2321 1286 2351 ex
1308 2309 1341 2351 P
1374 2309 1712 2365 describebatur,

156 2379 250 2422 sive
284 2379 499 2420 corrector
530 2376 585 2417 P3
617 2389 693 2419 seu
724 2376 779 2418 Ρ4
811 2376 1037 2431 pristinam
1069 2377 1324 2432 scripturam
1354 2377 1606 2424 funditus
1637 2379 1712 2424 de-

156 2447 333 2490 leverat.
368 2443 482 2487 unde
500 2446 619 2499 patet
635 2444 963 2498 istasfllectioncs
980 2459 1064 2490 non
1083 2458 1137 2489 ex
1155 2445 1249 2502 ipso
1267 2445 1375 2490 libro
1392 2446 1427 2489 P
1442 2447 1521 2492 sed
1538 2461 1592 2492 ex
1609 2461 1712 2504 apo·

156 2513 322 2569 grapho
345 2514 494 2567 aliquo
518 2513 609 2556 eius
631 2526 657 2555 a
679 2513 819 2556 scriba
842 2514 1004 2557 codicis
1026 2515 1068 2556 H
1089 2515 1316 2558 arcessitas
1340 2529 1448 2559 esse.
1489 2520 1620 2570 atque
1642 2528 1712 2558 co-

157 2583 297 2626 dicem
327 2581 502 2636 quidem
526 2579 564 2632 Q
586 2586 922 2625 commonstrant
953 2582 1166 2637 quaedam
1198 2587 1325 2627 notae
1357 2584 1438 2627 viri
1470 2584 1585 2637 boni,
1619 2582 1713 2637 qui-

159 2650 235 2693 bus
266 2651 442 2704 propria
474 2649 599 2693 huius
631 2650 732 2693 libri
763 2650 920 2693 menda
952 2655 1278 2706 expromuntur:
1311 2663 1377 2694 ex.
1402 2665 1437 2695 c.
1460 2650 1622 2692 l.1142
1653 2649 1713 2694 ad
