1861 3229
729 160 907 195 Analecta
930 158 1139 195 Laertiana.
1657 157 1713 197 85

214 280 251 313 15
278 267 400 316 τοῦτ’
437 272 504 317 ἔτι
531 277 781 332 βισσαρίων
812 275 896 329 ζων
926 272 1067 332 ἤνυσα
1100 275 1275 328 σώματι
1307 274 1402 325 (sic)
1435 273 1556 329 σῆμα

280 343 457 397 πνεῦμα
487 341 535 386 δὲ
566 344 796 401 φευξεῖται
825 342 942 401 πρὸς
970 341 1085 386 θεὸν
1116 337 1371 386 ἆθάνατονε

168 414 257 454 tum
287 411 442 455 Latina
471 411 598 457 haec:
637 413 843 455 Laertius
872 413 1089 467 Diogenes
1127 412 1178 453 de
1216 413 1312 453 vitis
1346 411 1711 467 philosophorum.

167 478 239 523 fol.
261 478 319 522 Av
348 479 480 524 index
519 481 676 537 legitur
713 481 1070 537 philosophorum
1111 493 1291 535 quorum
1334 481 1450 524 vitae
1480 493 1508 523 a
1537 481 1711 525 Laertio

169 554 420 593 enarrantur
465 549 731 605 conscriptus
778 563 908 594 manu
957 549 1168 593 Lasearis.
1238 547 1369 593 habet
1411 553 1553 593 autem
1598 549 1712 594 hanc

167 617 366 660 formam:

716 671 858 723 πίναξ
884 674 963 728 τῆς
991 672 1164 727 βίβλου.

282 741 490 795 λαερτίου
513 740 737 796 ὄιογένους
759 744 854 795 βίοι
913 742 993 783 τοῦ
1025 752 1122 783 αου·
1152 740 1319 797 θαλῆς·
1353 739 1521 783 σόλων·
1550 741 1709 794 χίλων·

167 811 404 859 πίττακος·
440 807 724 863 κλεόβουλος·
764 808 1057 865 περίανδρος·
1099 803 1359 865 ἆνάχαρσις·
1398 807 1572 863 μύσων·
1610 808 1711 853 ἐπι-

166 875 370 933 μενίδης·
392 874 654 934 φερεκύδηςι
685 878 765 919 τοῦ
783 880 880 933 βου·
905 872 1252 933 ἆναξίμανόρος·
1285 871 1570 933 ἆναξιμένης·
1604 872 1711 920 ἂνα-

168 942 379 1001 ξαγόρας·
397 939 632 1001 ἇρχέλαος·
655 944 905 1003 σωκράτης·
925 945 1144 1004 ξενοφῶν·
1170 944 1388 1003 αἰσχίνης·
1412 940 1710 1000 ἆρίστιππος·

166 1012 420 1067 θεόὸωρος·
442 1012 642 1070 φαίὸων·
666 1008 910 1071 εὗκλείδης·
935 1015 1160 1058 στίλπων·
1181 1016 1366 1070 κρίτων·
1390 1017 1556 1068 σίμων·
1578 1010 1712 1069 γλαύ-

166 1092 276 1123 κων·
308 1083 517 1134 σιμμίας·
558 1083 707 1138 κέβης·
737 1081 1002 1139 μενέδημοςε
1034 1083 1114 1125 τοῦ
1141 1093 1235 1137 γον·
1268 1080 1477 1124 πλάτωνε
1508 1083 1587 1123 τοῦ
1619 1081 1710 1123 60²²·

168 1147 481 1199 σπεύσιππος·
503 1145 786 1207 ξενοκροῖτης·
807 1151 1039 1205 πολέμων·
1061 1148 1246 1205 κράτης·
1276 1148 1501 1204 κράντωρ·
1534 1145 1711 1205 ἀρκεσί-

168 1217 297 1267 λαος·
327 1219 462 1271 βίων·
494 1214 705 1274 λακύὸης·
736 1216 1000 1275 καρνεάδης·
1034 1211 1322 1274 ἆριστοτὲλης
1348 1217 1441 1267 (sed
1473 1219 1617 1261 statim
1648 1219 1709 1261 in-

167 1285 355 1336 ductus)·
375 1283 684 1340 κλειτόμαχος;
705 1286 785 1328 τοῦ
802 1298 889 1328 εον·
913 1281 1223 1342 ἆριστοτέλης·
1242 1283 1554 1342 θεόφραστος·
1578 1284 1710 1341 στρά-

166 1365 276 1397 των·
323 1352 483 1396 λύκων·
530 1351 791 1411 δημήτριος·
835 1350 1118 1412 ἡρακλείόης;
1164 1354 1246 1396 τοῦ
1278 1364 1370 1406 ςου·
1418 1347 1709 1411 ἇντισθένης·

167 1420 378 1476 μόνιμος·
409 1416 708 1478 ὂνησίκριτος·
738 1421 921 1478 κράτης·
961 1422 1230 1480 μητροκλῆς·
1269 1421 1518 1476 ἱππαρχία·
1550 1424 1712 1476 μένιπ-

168 1502 274 1540 πος·
306 1489 570 1547 μενέδημος;
610 1491 690 1532 τοῦ
720 1495 808 1545 ζον·
848 1487 1006 1546 ζήνων·
1039 1488 1284 1546 κλεάνθης·
1313 1487 1572 1544 χρύσιππος
1599 1493 1715 1546 (post

165 1558 248 1603 hoe
285 1571 441 1603 nomen
479 1560 596 1602 linea
633 1559 763 1603 dueta
801 1563 866 1603 est
903 1560 1034 1614 spatii
1064 1572 1214 1602 versus
1246 1556 1457 1608 dimidiu:
1503 1559 1586 1600 τοῦ
1617 1569 1711 1615 ηου·

165 1624 454 1682 πυθαγόρας·
479 1624 777 1683 ἒμπεὸοκλῆς·
801 1624 1070 1681 ἐπίχαρμος·
1105 1622 1288 1681 ἀρχέτας
1309 1626 1425 1677 (sio)·
1459 1619 1712 1680 ἆλκμαίων·

164 1693 394 1745 ἵππασος·
433 1693 674 1752 φιλόλαος·
714 1690 916 1745 εὔδοξος-ε
956 1696 1036 1738 τοῦ
1065 1698 1168 1736 θον·
1200 1690 1481 1750 ἡράκλειτος·
1514 1693 1713 1752 ξοφάνης

166 1765 281 1816 (sic)’
313 1762 611 1820 παρμενίόης·
641 1763 876 1818 μέλισσος·
917 1761 1078 1819 ζήνων·
1119 1761 1387 1812 λεύκιππος·
1426 1761 1712 1818 ὄημόκριτος·

167 1826 484 1887 πρωταγόρας·
523 1830 743 1889 ὃιογένης·
782 1826 1048 1884 ἇνάξαρχος·
1081 1829 1282 1885 πύρρων·
1323 1833 1485 1884 τίμων;
1517 1832 1597 1872 τοῦ
1628 1842 1710 1874 ιον·

167 1898 423 1955 ἐπίκουροςε

738 1955 810 1998 καὶ
843 1955 982 1997 πλέον
1014 1953 1141 1997 οὐδέν

167 2029 255 2067 tum
288 2023 439 2068 eodem
471 2028 709 2067 atramento

644 2095 730 2133 Av.
773 2091 844 2133 ΝΟ.
878 2094 943 2133 15.
986 2090 1076 2133 Hsa
1097 2089 1156 2142 (P)
1180 2092 1230 2131 9⁸

170 2160 224 2205 de
246 2159 500 2214 compendio
516 2163 592 2201 Λσ
611 2163 680 2210 (=
697 2159 910 2208 Lasearis)
929 2158 1031 2201 vide
1047 2158 1287 2202 Bonnetum
1307 2158 1336 2201 l.
1347 2158 1374 2200 l.
1387 2171 1457 2213 pg.
1471 2161 1554 2202 578
1571 2165 1658 2204 not.
1675 2164 1711 2203 1.

283 2227 484 2284 Sequitur
520 2227 626 2272 folio
661 2230 701 2269 1r
729 2231 772 2270 et
804 2229 847 2268 1v
875 2227 1132 2282 laeupletior
1172 2227 1393 2270 nominum
1424 2228 1657 2272 laterculus
1688 2243 1715 2272 a

169 2298 344 2341 librario
384 2297 539 2352 prioris
576 2298 710 2352 partis
748 2295 908 2340 codicis
940 2294 1125 2338 Parisini
1167 2297 1235 2347 (cf.
1266 2295 1377 2339 infra
1412 2310 1485 2351 pg.
1509 2299 1579 2349 87)
1610 2299 1714 2342 satis

170 2443 332 2480 versibus
364 2446 403 2478 15
433 2445 470 2478 et
496 2445 537 2478 16
571 2442 658 2488 quid
692 2442 839 2486 faciam,
876 2441 1011 2478 nescio.
1061 2454 1093 2478 v.
1128 2446 1167 2478 15
1203 2444 1433 2490 Βησσαρίων
1468 2443 1715 2488 reponendum

171 2510 251 2537 esse
273 2501 309 2536 in
334 2500 458 2545 aprico
481 2499 622 2535 videtur
645 2508 736 2535 esse.
783 2502 904 2534 utrum
929 2501 1050 2533 autem
1075 2499 1269 2535 cardinalis
1293 2500 1354 2535 ille
1382 2499 1636 2536 celeberrimus
1660 2501 1713 2536 in-

170 2556 391 2602 tellegendus
422 2556 469 2592 sit
500 2565 613 2591 necne
648 2555 844 2591 diiudicare
874 2565 946 2590 non
980 2555 1116 2600 audeo,
1154 2566 1236 2591 cum
1271 2559 1429 2592 testante
1460 2556 1550 2591 mihi
1581 2556 1713 2592 Krum-

172 2615 328 2652 bachero
359 2612 584 2650 Bessarionis
614 2622 744 2649 nomen
777 2612 984 2658 Byzantinis
1017 2612 1243 2658 temporibus
1272 2623 1344 2649 non
1369 2612 1475 2648 nimis
1500 2623 1623 2649 rarum
1656 2614 1714 2650 sit.

171 2683 238 2719 pro
263 2670 341 2718 ζὼν
363 2670 623 2708 restituendum
648 2671 737 2715 ζῶν.
