1861 3229
171 171 225 209 92
773 170 939 215 Edgarus
964 170 1124 207 Martini.

288 288 445 329 Laertii
486 286 661 340 scriptio
699 285 781 328 hoc
819 286 943 328 titulo
980 286 1178 339 praedita
1209 290 1292 329 est:
1362 289 1593 342 Λαερτίου
1625 286 1720 329 ὀιο-

171 356 322 410 γένους
358 356 469 408 βίων
507 353 580 396 καὶ
617 354 804 410 γνωμῶν
839 355 926 396 τῶν
966 350 1011 395 ἐν
1042 353 1296 411 φιλοσοφία
1335 348 1721 412 εὐδοκιμησάντων

171 423 242 464 καὶ
265 424 351 463 τῶν
374 420 418 463 ἓν
434 420 595 479 ἑκάστη
621 422 792 477 αἱρέσει
813 417 1066 479 άρεσάντων
1086 419 1136 463 τὸ
1161 423 1357 477 πρῶτον.
1387 424 1432 466 in
1461 423 1547 467 fine
1576 428 1719 468 autem

170 491 321 534 mutila
342 495 420 544 est,
452 504 549 534 cum
581 491 753 536 desinat
773 492 917 536 verbis
948 485 1025 534 οὐκ
1056 484 1190 533 αὐτὸν
1221 479 1298 533 οὖν
1330 489 1397 533 δεῖ
1427 489 1622 545 νομίζειν
1641 489 1719 535 τὸν

171 560 212 610 (l.
236 560 279 601 X
301 561 385 609 55).
427 561 640 615 scriptura
671 561 833 605 codicis
863 561 1123 604 nitidissima
1153 564 1218 603 est
1247 565 1290 603 et
1320 560 1663 615 diligentissima.

284 627 489 671 Correcta
520 633 563 672 et
592 629 887 673 additamenta
927 641 1037 684 quae
1068 628 1331 683 paucissima
1360 628 1634 672 inveniuntur
1661 628 1721 672 ad

169 698 308 752 ipsum
341 697 565 740 librarium
605 698 786 741 redeunt
825 698 899 752 qui
939 702 981 741 et
1018 697 1316 752 inscriptiones
1357 697 1609 752 litterasque
1640 697 1718 740 ini-

169 766 296 809 tiales
327 766 458 809 rubro
489 767 631 821 pinxit
662 767 818 810 colore.

285 835 366 886 IX)
411 833 579 878 Codex
619 832 1013 877 vindobonensis
1062 846 1137 888 gr.
1172 844 1248 876 nr.
1279 833 1395 877 LIX
1424 832 1523 885 (K),
1563 833 1617 877 ol.
1654 836 1718 886 17,

172 903 358 946 Kollarii
390 903 531 958 suppl.
556 902 650 946 cod.
674 902 782 946 CVI.
815 902 1066 947 chartaceus
1098 907 1162 946 est
1190 901 1414 957 formaque
1444 902 1718 958 praegrandi.

170 972 358 1027 paginae
380 975 478 1014 sunt
498 984 699 1014 versuum
722 973 790 1025 29,
824 984 973 1015 versus
1003 972 1239 1015 litterarum
1271 972 1440 1015 circiter
1464 974 1531 1015 56.
1554 975 1720 1016 constat

169 1039 285 1082 foliis
311 1041 390 1080 178
423 1038 514 1091 (fol.
540 1041 592 1080 75
624 1039 689 1081 bis
720 1044 988 1081 numeratum
1021 1044 1108 1093 est3
1140 1039 1241 1082 inde
1271 1040 1493 1083 Nesselius
1524 1040 1719 1083 codicem

168 1108 369 1151 foliorum
396 1109 474 1148 177
497 1119 593 1149 esse
613 1119 840 1161 perperam
872 1106 1016 1156 refert)
1049 1119 1265 1160 unumque
1288 1107 1478 1149 continet
1498 1107 1717 1149 Laertium

169 1177 422 1230 Diogenem.
483 1174 728 1218 inscribitur
757 1174 831 1217 fol.
870 1178 925 1216 1¹:
985 1176 1218 1229 Λαερτίου
1250 1172 1474 1230 διογένους
1502 1176 1615 1228 βίων
1644 1175 1719 1217 καὶ

164 1243 351 1297 γνωμῶν
389 1243 477 1283 τῶν
523 1240 567 1283 ἓν
608 1242 863 1298 φιλοσοφία
908 1236 1294 1298 εὐδοκιμησάντων
1329 1243 1403 1285 καὶ
1438 1244 1527 1284 τῶν
1558 1241 1718 1299 ἑκάστη

167 1310 337 1364 αἱρέσει
370 1304 625 1363 ἆρεσάντων
654 1311 745 1351 τῶν
777 1308 840 1360 εἰς
872 1309 975 1352 δέκα
1004 1308 1055 1351 τὸ
1088 1311 1283 1365 πρῶτον.
1322 1311 1396 1354 fol.
1430 1313 1527 1353 177ΙΓ
1549 1313 1719 1367 (reapse

168 1382 280 1431 1781)
311 1379 610 1423 subscribitur:
641 1377 782 1427 τέλος.

282 1447 563 1491 Correcturae
594 1446 974 1502 additamentaque
1007 1460 1119 1502 quae
1149 1461 1235 1491 non
1265 1461 1405 1503 pauca
1425 1446 1558 1491 habet
1580 1447 1719 1491 codex

167 1516 209 1558 K
239 1520 404 1558 tantum
434 1529 519 1558 non
551 1516 695 1558 omnia
724 1529 750 1557 a
780 1516 945 1558 librarii
975 1529 1103 1558 manu
1134 1516 1328 1572 profecta
1357 1520 1455 1559 sunt
1485 1516 1559 1571 qui
1584 1516 1714 1558 etiam

167 1597 254 1627 non
285 1583 415 1627 nullis
446 1583 552 1627 locis
584 1582 796 1626 scholiola
823 1584 1258 1639 marginiJadpinxit:
1290 1585 1423 1628 veluti
1454 1584 1523 1626 l.I
1556 1585 1636 1626 100
1657 1583 1715 1626 ad

167 1665 320 1695 vocem
353 1649 663 1706 αἰσυμνητίηνε
710 1647 813 1707 ἤτοι
842 1651 1103 1705 τυραννίδα;
1148 1653 1175 1694 l.
1207 1652 1249 1695 II
1283 1655 1333 1694 17
1364 1652 1421 1695 ad
1459 1652 1716 1696 vocabulum

168 1718 426 1767 σκάνδικαςε
470 1715 589 1767 εἶδος
620 1718 811 1771 λαχάνου
842 1714 1024 1773 ἆγρίου,·
1053 1721 1081 1761 l.
1113 1720 1134 1761 I
1164 1722 1218 1761 26
1249 1720 1306 1762 ad
1336 1721 1513 1763 verbum
1547 1720 1714 1775 φῆσαι;

168 1785 335 1842 circem
367 1787 394 1828 l.
419 1787 438 1829 I
470 1789 523 1830 39
555 1786 613 1830 ad
644 1799 795 1831 vocem
827 1784 1097 1843 πρεσβύτηςε
1132 1780 1388 1842 ὃπρέσβυς.
1418 1787 1599 1830 aliarum
1628 1798 1715 1828 ma·

166 1870 295 1899 nuum
327 1856 514 1910 vestigia
544 1858 715 1900 exstant
746 1860 789 1899 et
819 1857 1079 1910 paucissima
1110 1870 1189 1899 nec
1211 1857 1315 1900 satis
1343 1860 1470 1911 certa,
1502 1860 1548 1900 ut
1568 1867 1716 1899 secure

164 1925 335 1969 silentio
366 1924 651 1980 praetermitti
682 1924 861 1980 possint.

277 1994 333 2043 X)
366 1992 532 2038 Codex
562 1992 872 2038 Burbonicus
903 2005 972 2048 gr.
987 1993 1067 2038 III
1090 1992 1126 2035 B
1149 1992 1209 2037 28
1240 1995 1317 2045 (nr.
1340 1991 1495 2038 252511
1516 1993 1715 2047 catalogo

163 2062 329 2117 Cyrilli,
360 2063 485 2105 nobis
508 2060 579 2113 1)),
626 2061 878 2105 chartaceus
911 2067 976 2105 est
1006 2063 1227 2117 formaque
1251 2062 1540 2116 quartanaria.
1572 2065 1717 2104 narrat

162 2131 351 2176 Cobetus
382 2130 517 2187 praef.
552 2130 618 2174 ed.
654 2131 750 2173 Par.
783 2144 854 2186 pg.
886 2131 988 2174 IIIa
1018 2132 1258 2174 confectum
1290 2143 1385 2174 csse
1417 2129 1530 2174 hunc
1559 2131 1716 2173 librum

161 2201 216 2243 ab
255 2201 417 2243 Ioanne
456 2199 604 2243 Rhoso
642 2199 861 2254 Cretensi,
917 2199 1069 2243 sedulo
1115 2200 1190 2242 illo
1231 2199 1428 2253 librario,
1471 2199 1544 2254 qui
1579 2199 1718 2241 altera

162 2269 326 2312 saeculi
348 2268 429 2310 XV
451 2272 574 2322 parte
605 2268 813 2322 plurimos
844 2269 977 2311 libros
999 2268 1189 2311 Graecos
1221 2267 1451 2323 descripsit
1471 2267 1538 2317 (cf.
1562 2266 1716 2310 Gardt-

164 2336 346 2380 hauseni
372 2334 542 2377 Grieclz.
566 2335 793 2390 Palaeoqr.
815 2350 886 2392 pg.
911 2338 1033 2391 326);
1063 2341 1109 2378 at
1129 2336 1196 2379 vir
1226 2336 1301 2379 ille
1332 2335 1483 2379 doctus
1504 2335 1541 2379 si
1560 2335 1717 2379 librum

159 2406 451 2450 Burbonicum
484 2406 556 2449 vel
586 2406 735 2461 paullo
766 2405 1013 2450 adcuratius
1044 2404 1330 2460 adspexisset‚
1372 2418 1457 2449 non
1493 2409 1559 2450 est
1593 2405 1716 2449 dubi-

159 2475 337 2518 tandum
381 2475 483 2530 quin
524 2474 650 2517 aliter
690 2474 955 2518 iudicaturus
1005 2475 1144 2517 fuerit.
1204 2475 1361 2530 legitur
1411 2476 1525 2520 enim
1572 2475 1715 2518 statim

158 2543 372 2600 principio
398 2543 562 2589 codicis
584 2543 623 2586 D
646 2542 754 2587 haec
776 2544 1016 2598 inscriptio:
1060 2544 1184 2595 τρυτὶ
1206 2541 1255 2586 τὸ
1277 2544 1462 2599 βυβλίον
1482 2540 1716 2597 θεοδώρου

162 2607 377 2655 ἆντωνίου
417 2613 507 2654 τῶν
542 2610 737 2668 γαζαίων
774 2607 964 2665 ὑπάρχει
1003 2613 1167 2670 κτῆμα,
1203 2615 1401 2668 περιέχει
1432 2611 1481 2654 δὲ
1512 2612 1717 2665 λαερτίου

162 2680 385 2737 διογένους
405 2684 517 2736 βίων
539 2680 807 2739 φιλοσόφων
828 2683 917 2724 τῶν
940 2680 1004 2733 εἷς
1026 2680 1129 2725 δέκα
1151 2681 1200 2725 τὸ
1224 2683 1406 2738 πρῶτον
1438 2679 1481 2724 ἐν
1513 2675 1550 2723 ὦ
1570 2679 1718 2739 θαλῆς
