1861 3229
154 145 233 181 174
753 147 920 192 Edgarus
945 146 1100 183 Martini.

150 261 335 315 margini
365 260 596 314 adscripta.
649 260 766 315 quod
789 262 1151 317 complementum
1173 276 1269 306 cum
1302 262 1356 306 de
1378 276 1455 307 suo
1486 264 1701 316 adiecisse

149 329 289 372 virum
322 329 493 371 doctum
526 341 676 372 omnes
712 329 1030 385 probabilitatis
1069 330 1253 374 excedat
1289 344 1487 376 numeros
1518 344 1699 389 cumque

148 398 231 439 ista
262 397 395 439 verba
416 396 458 439 in
481 397 631 441 codice
653 398 673 439 I
695 398 982 453 inveniantur,
1016 397 1115 443 hinc
1136 399 1405 443 Bessarionis
1426 401 1699 456 supplemen-

148 470 234 507 tum
266 464 446 518 petitum
481 479 577 509 esse
607 467 700 509 veri
733 471 798 510 est
828 467 1109 510 simillimum.

259 532 394 576 Filios
421 538 601 577 nanctus
633 539 698 578 est
729 535 869 578 codex
890 534 933 577 M
964 534 1093 578 duos:
1125 548 1306 590 quorum
1337 536 1473 579 maior
1501 540 1604 579 natu
1635 541 1701 579 est

145 601 253 644 liber
273 602 322 645 A.
374 603 495 645 cuius
518 607 767 647 contextum
789 604 862 659 qui
894 617 989 647 cum
1021 604 1131 647 libro
1153 604 1197 646 M
1227 605 1555 659 comparaverit,
1588 605 1701 647 inter

145 675 371 725 utrumque
408 670 604 716 codicem
651 673 897 716 interiorem
937 671 1153 727 quandam
1199 674 1524 716 consensionem
1569 673 1697 717 inter-

145 740 299 783 cedere
329 754 415 783 non
445 742 606 795 poterit
633 755 717 784 non
747 741 951 785 iudicare.
1013 742 1270 796 gravissima
1297 755 1444 785 eorum
1476 755 1587 797 quae
1614 742 1699 786 huc

144 813 343 863 spectant
378 808 550 852 adferre
580 809 721 853 liceat.
788 810 815 852 l.
848 811 868 852 I
899 811 923 852 8
965 810 1047 852 MA
1091 810 1300 864 praebent
1346 808 1573 867 ζωάστρην
1617 823 1697 865 pro

146 876 431 933 ζωροάστρην
450 877 634 928 (BPLav
648 880 897 934 posterique
916 879 1112 922 codicum
1130 879 1164 921 P
1181 884 1223 922 et
1238 879 1316 932 H);
1333 879 1353 921 I
1371 883 1423 921 75
1436 879 1519 922 MA
1536 875 1695 921 ἀποτε·

143 941 386 1001 γανόμενος
414 943 953 1002 (ἄποτνΓανόμενοςῩρΓο
977 942 1314 1000 ἀποτεμόμενος
1336 947 1513 998 (BPL2a
1534 947 1697 1002 filiique

143 1014 239 1058 cod.
263 1015 298 1057 P
320 1019 363 1058 et
383 1014 445 1069 H,
479 1011 813 1068 ἀποτεμόμενοι
836 1015 894 1066 Τ,
933 1011 1324 1067 ἀποτυγανόμενος
1346 1029 1395 1071 ρ,
1432 1016 1489 1057 L1
1520 1018 1697 1070 manc.);

142 1084 208 1127 III
231 1087 283 1126 55
315 1084 398 1126 MA
419 1083 493 1125 καὶ
516 1082 560 1125 οἱ
582 1081 627 1125 ἐκ
658 1097 736 1138 pro
758 1083 832 1125 καὶ
856 1080 895 1124 εἰ
918 1080 962 1124 ἐκ
985 1082 1173 1135 (BPLav
1193 1081 1356 1138 filiique
1380 1083 1473 1127 cod.
1496 1084 1530 1126 P
1552 1088 1594 1127 et
1614 1083 1695 1138 H);

141 1153 203 1196 IV
221 1156 245 1195 6
261 1153 343 1195 MA
363 1147 648 1207 ἆγαθόνορος
669 1165 748 1206 pro
767 1145 1154 1207 ἇγαθάνορος(ΒΡ
1171 1153 1401 1208 prolesque
1418 1152 1513 1196 cod.
1530 1153 1565 1195 P
1582 1157 1625 1196 et
1640 1152 1694 1207 H,

142 1215 439 1276 ἆγαθάνωρος
477 1221 534 1274 L,
582 1215 869 1275 ἆγαθήνορος
909 1221 994 1271 ατ).
1061 1233 1201 1275 neque
1246 1221 1290 1263 in
1335 1221 1462 1264 rebus
1507 1221 1695 1264 externis

141 1290 240 1332 libri
271 1289 355 1331 MA
386 1303 471 1333 non
501 1290 757 1333 mirabiliter
788 1288 1054 1344 conspirant:
1086 1290 1221 1332 veluti
1252 1291 1279 1333 l.
1311 1290 1332 1332 I
1353 1292 1406 1333 97
1439 1290 1483 1332 in
1513 1294 1696 1344 utroque

142 1358 292 1402 codice
324 1359 435 1400 inter
464 1358 680 1402 vocabula
712 1355 894 1412 αἰσχρόν
934 1361 977 1400 et
1008 1356 1285 1415 δημοκρατία
1324 1358 1597 1401 interstitium
1629 1362 1695 1401 est

142 1427 312 1470 circiter
332 1439 489 1469 novem
511 1427 750 1469 litterarum
773 1425 1095 1480 inexplicabile.
1158 1438 1410 1481 expressum
1431 1430 1576 1469 autem
1598 1439 1694 1469 esse

140 1495 296 1538 librum
318 1496 356 1537 A
379 1509 433 1538 ex
462 1495 505 1537 M
526 1494 627 1538 inde
649 1494 822 1538 demum
846 1493 1067 1538 conficitur
1088 1494 1204 1549 quod
1227 1495 1302 1538 ille
1324 1495 1557 1549 scripturas
1580 1495 1692 1537 vari-

140 1568 263 1607 antes
295 1562 457 1607 codicis
489 1562 531 1604 M
562 1576 647 1606 non
678 1566 843 1606 tantum
874 1577 900 1606 a
931 1563 1107 1606 librario
1140 1567 1352 1615 exaratas,
1385 1576 1533 1607 verum
1564 1563 1694 1606 etiam

140 1646 167 1675 a
198 1635 438 1675 correctore
479 1631 544 1673 M2
582 1631 775 1674 adiectas
815 1644 944 1674 manu
988 1632 1166 1685 prima
1210 1632 1471 1685 perscriptas
1518 1630 1697 1674 exhibet

141 1713 290 1743 omnes
338 1698 406 1750 (cf.
453 1713 524 1753 pg.
560 1701 640 1740 170
679 1703 721 1740 et
765 1712 833 1753 pg.
878 1701 957 1740 172
1003 1700 1044 1749 [l.
1085 1699 1127 1741 II
1173 1702 1247 1753 603
1310 1699 1374 1741 III
1420 1702 1496 1747 41;
1542 1698 1600 1741 IV
1647 1700 1697 1752 63

145 1771 216 1823 17;
249 1768 286 1810 V
318 1770 415 1818 36]).

256 1836 379 1887 Quae
419 1849 514 1879 cum
547 1836 608 1878 ita
638 1836 741 1888 sint,
780 1835 905 1890 plura
936 1834 991 1877 de
1024 1834 1172 1878 codice
1204 1835 1241 1877 A
1272 1835 1516 1890 disceptare
1548 1848 1695 1890 super-

139 1918 376 1948 vacaneum
418 1917 512 1947 esse
552 1908 680 1958 puto;
725 1903 807 1946 hoc
838 1902 1095 1956 addiderim,
1128 1903 1219 1946 eius
1251 1902 1471 1946 librarium
1514 1904 1586 1958 qui
1626 1916 1693 1947 se-

139 1972 241 2016 dulo
282 1985 430 2016 omnes
469 1972 565 2016 fere
603 1985 755 2015 manus
795 1972 860 2014 M2
901 1972 1189 2015 correctiones
1234 1971 1498 2027 respexerit,
1545 1975 1696 2015 contra

137 2042 406 2085 Bessarionis
430 2040 757 2085 emendatorum
781 2040 945 2083 nullam
974 2039 1162 2083 tenuisse
1193 2039 1407 2083 notitiam:
1439 2053 1539 2083 nam
1572 2039 1695 2084 dedit

137 2109 214 2154 1.Ι
248 2112 301 2154 89
344 2106 439 2153 ἔστ’
476 2101 529 2151 ἂν
559 2102 679 2165 ὕδωρ
717 2124 765 2150 τε
806 2108 881 2164 ῥέη
923 2110 1068 2163 (quam
1108 2108 1337 2152 lectionem
1377 2108 1609 2152 Bessarion
1648 2109 1693 2152 in

137 2179 248 2222 libro
280 2179 323 2221 M
354 2192 491 2234 prope
522 2178 714 2221 funditus
746 2178 925 2228 delevit)
959 2181 1001 2220 et
1031 2178 1061 2219 L
1090 2177 1154 2219 III
1174 2177 1228 2218 60
1261 2178 1396 2220 verba
1424 2178 1503 2234 τῆς
1535 2176 1582 2219 δὲ
1616 2172 1692 2232 ὀγ-

139 2246 244 2304 δόης
282 2273 339 2277 -
374 2242 538 2302 ἠθικός
583 2247 740 2291 omisit.
814 2250 1042 2301 praeterea
1087 2245 1227 2289 codex
1265 2245 1304 2288 A
1350 2245 1481 2289 habet
1525 2246 1552 2287 l.
1584 2245 1605 2287 I
1639 2247 1690 2286 10

137 2317 368 2360 lectionem
402 2313 492 2365 ζιῦά
514 2330 636 2358 τινας
668 2313 782 2357 unde
814 2315 1013 2357 clarescit
1052 2327 1149 2357 eum
1182 2326 1236 2356 ex
1276 2314 1428 2357 illaeso
1467 2313 1616 2357 codice
1648 2313 1692 2356 M

138 2385 463 2438 transscriptum
493 2387 623 2438 atque
655 2382 768 2425 hunc
801 2382 921 2424 illam
953 2381 1183 2425 lectionem
1216 2384 1397 2423 tutatum
1430 2394 1536 2424 esse.

251 2453 375 2496 Alter
395 2452 496 2495 libri
517 2451 560 2494 M
592 2449 747 2495 filiolus
779 2455 844 2495 est
875 2450 1015 2494 codex
1034 2447 1077 2493 N
1109 2463 1284 2493 mancus
1316 2450 1390 2493 ille
1422 2448 1597 2504 quidem
1628 2450 1690 2492 in-

138 2520 423 2577 credibilique
455 2520 733 2575 neglegentia
764 2520 994 2563 confectus.
1058 2532 1241 2574 quocum
1272 2519 1422 2574 paucis
1452 2519 1690 2573 transigere

136 2590 249 2633 licet.
297 2590 478 2644 praebet
518 2590 631 2632 enim
668 2612 722 2617 -
759 2588 963 2632 detractis
999 2589 1164 2632 scilicet
1199 2587 1251 2630 iis
1294 2600 1405 2641 quae
1441 2600 1517 2630 suo
1552 2586 1690 2629 Marte

138 2656 338 2700 librarius
371 2658 463 2700 eius
494 2657 712 2711 peccavit:
753 2660 852 2699 sunt
891 2669 994 2698 vero
1027 2657 1160 2699 multa
1196 2678 1243 2684 —
1276 2655 1529 2698 memoriam
1559 2653 1688 2696 libro-
