1861 3229
749 184 925 221 Analecta
948 184 1158 221 Laertiana.
1646 186 1733 224 149

183 296 360 357 θώρακι
390 300 519 345 BP¹L
555 299 567 357 Η
607 300 662 345 ib.
697 299 994 358 ἐσπαρμένοις
1025 302 1122 360 ργΤ
1155 316 1164 344 :
1197 309 1417 359 ποργμοῖς
1456 301 1550 345 ΒΡ1
1593 317 1728 358 επορ-

182 376 284 422 μοῖς
315 370 349 411 L
386 367 686 424 (ἑπερεισμοῖς
723 384 800 414 em.
832 372 1064 422 Usenerus)
1103 370 1117 425 ll
1154 374 1206 413 67
1238 370 1564 425 ματαιάζουσιν
1596 372 1727 428 ργΊᾛ

182 435 491 490 ματαιΐζουσιν
522 438 631 481 BPL
663 437 950 496 (ματᾴζουσιν
979 442 1079 482 rest.
1113 439 1357 492 Usenerus).

298 504 500 550 Consulto
541 520 672 562 supra
702 507 795 550 dixi
834 506 1158 551 fundamentum
1198 509 1429 552 memoriae
1474 509 1662 563 exempli
1695 522 1724 565 ρ

183 585 277 617 esse
309 578 461 618 testem
490 575 680 629 aliquem
709 574 900 619 familiae
930 588 959 627 γ
988 579 1062 617 aut
1093 575 1246 617 librum
1280 576 1378 620 huic
1408 577 1601 620 familiae
1632 582 1723 620 arte

182 645 420 696 cognatum.
453 656 552 686 nam
570 655 722 698 reapse
741 643 946 685 memoria
962 642 1124 685 codicis
1142 655 1170 697 ρ
1187 656 1271 685 non
1287 648 1373 686 tam
1390 644 1445 687 ad
1467 645 1678 687 familiam
1696 658 1723 698 γ

180 722 308 764 quam
328 710 384 753 ad
406 710 561 754 librum
578 711 614 753 Τ
634 710 848 765 (potiusve
868 713 910 763 τ)
927 712 1123 766 pertinet.
1147 710 1263 765 quod
1277 711 1459 765 primum
1482 726 1535 755 ex
1558 726 1607 757 eo
1629 713 1721 757 effi-

180 778 288 821 citur
309 779 424 833 quod
444 782 623 833 uterque
645 779 754 822 liber
774 793 871 823 cum
893 780 937 822 in
953 780 1201 823 universum
1218 781 1467 822 memoriam
1490 780 1679 825 familiae
1695 796 1722 835 γ

180 852 396 901 sequatur,
415 847 542 891 certis
559 847 815 902 quibusdam
833 848 939 891 locis
957 860 1009 891 ea
1025 847 1233 891 derelicta
1249 852 1322 890 aut
1338 861 1433 890 cum
1451 849 1482 887 ό
1492 853 1564 891 aut
1581 863 1675 892 cum
1691 851 1723 892 L

179 915 250 957 vel
271 915 428 958 rectius
451 915 542 958 eius
572 915 702 958 fratre
733 916 919 969 gemello
952 916 1005 968 (λ)
1036 915 1150 960 facit.
1209 915 1386 959 exhibet
1418 929 1454 959 e.
1479 930 1513 959 c.
1547 921 1724 972 uterque

177 982 205 1025 l.
227 982 248 1024 I
269 984 318 1024 61
355 977 512 1038 ἀγυιὰς
543 996 637 1026 cum
668 984 706 1038 d,
739 997 833 1027 cum
864 997 893 1037 γ
922 985 1129 1039 praebeat
1160 978 1317 1040 ἆγυάς;
1351 984 1411 1027 IV
1433 986 1485 1026 42
1517 983 1577 1042 μὴ
1611 984 1725 1041 πρὸς

179 1044 392 1108 ἀρίδηλον
424 1065 518 1095 cum
548 1053 587 1107 d,
620 1066 714 1096 cum
745 1066 775 1105 γ
803 1057 918 1096 recte
941 1058 1167 1109 expromat
1186 1051 1304 1107 πρὸς
1327 1047 1551 1109 ἀρίδηλον.
1604 1068 1723 1109 prae-

178 1123 296 1162 terea
327 1120 516 1174 exempli
548 1134 577 1175 ρ
609 1125 832 1164 contextus
864 1134 1011 1165 omnes
1043 1135 1115 1164 eas
1144 1122 1351 1165 continuit
1380 1123 1588 1165 lectiones
1617 1136 1722 1177 quas

178 1200 202 1231 e
232 1187 343 1231 libro
374 1188 400 1227 λ
430 1188 472 1230 in
505 1187 666 1233 codicis
689 1189 725 1231 Τ
748 1190 996 1233 memoriam
1029 1190 1220 1233 invectas
1252 1202 1347 1233 esse
1379 1203 1509 1244 supra
1540 1203 1610 1245 pg.
1643 1194 1717 1234 143

178 1255 442 1299 ostendimus
466 1260 664 1311 (excepto
687 1270 771 1300 uno
793 1258 887 1300 loco
913 1256 969 1312 [II
996 1255 1088 1312 115]
1114 1258 1186 1299 ubi
1208 1271 1236 1312 ρ
1264 1259 1454 1300 servavit
1484 1258 1675 1301 familiae
1695 1273 1723 1311 γ

177 1323 457 1378 scripturam).
510 1323 592 1368 huc
611 1325 779 1369 accedit
801 1326 916 1382 quod
947 1339 975 1383 ρ
1007 1337 1102 1369 cum
1130 1326 1167 1368 T
1198 1325 1242 1368 in
1273 1338 1356 1368 non
1387 1326 1516 1369 nullis
1547 1339 1720 1380 prorsus

177 1390 464 1446 singularibus
495 1407 633 1448 neque
664 1395 707 1436 in
739 1395 891 1438 ceteris
923 1395 1180 1437 Laertianae
1222 1394 1466 1447 scriptionis
1498 1394 1721 1438 codicibus

176 1461 494 1505 occurrentibus
513 1462 745 1506 concordat
761 1463 994 1507 erroribus:
1018 1463 1150 1506 veluti
1172 1463 1199 1505 l.
1223 1463 1280 1505 19
1300 1460 1491 1504 ἔσεσθαι
1506 1462 1580 1504 καὶ
1604 1456 1721 1504 ἀθα-

178 1528 336 1579 νάτους
357 1531 426 1585 ρΤ
446 1547 455 1574 :
478 1532 551 1573 καὶ
570 1526 828 1581 ἀθανάτους
846 1530 1035 1574 ἔσεσθαι
1056 1536 1170 1575 recte
1188 1531 1293 1573 BPd
1304 1531 1378 1572 καὶ
1396 1528 1587 1572 ἔσεσθαι
1605 1527 1720 1572 ἀθα-

178 1596 336 1648 νάτους
356 1599 421 1652 Ly
442 1598 456 1654 ΙΙ
480 1602 533 1642 60
554 1597 771 1642 κάλλιστα
789 1600 856 1657 ρΤ
880 1614 889 1641 :
913 1595 1075 1655 ἄριστα
1095 1603 1211 1642 recte
1233 1599 1374 1641 BPLa
1396 1597 1411 1653 11
1434 1599 1461 1641 l.
1484 1599 1541 1641 IV
1565 1602 1590 1640 4
1613 1597 1720 1650 ἐκζέ-

179 1669 293 1710 σθαι
315 1668 382 1724 ρΤ
400 1683 409 1710 :
429 1666 599 1719 ἐκζέσαι
619 1668 760 1710 BPLa
775 1666 786 1723 Η
802 1670 855 1710 20
870 1669 1027 1723 γαῦσις
1048 1668 1116 1723 ρΤ
1135 1682 1144 1709 :
1162 1666 1311 1722 γλύξις
1333 1672 1447 1710 recte
1462 1668 1495 1709 B
1516 1666 1663 1722 γλῦξις
1687 1669 1720 1711 L

175 1734 329 1792 γαῦξις
349 1736 415 1779 Ρα
435 1735 447 1792 ΙΙ
468 1737 520 1778 32
536 1736 606 1786 τὶς
623 1733 864 1793 ἐνέγραψεν
882 1738 950 1794 ρΤ
970 1751 979 1779 :
997 1737 1039 1779 τὶ
1064 1738 1338 1792 συνέγραψεν
1360 1740 1474 1779 recte
1496 1736 1637 1779 BPLd
1653 1752 1721 1787 τις

178 1805 453 1861 συνέγραψεν
467 1803 589 1862 γ1157
609 1803 635 1847 ἃ
654 1807 722 1861 ρΤ
740 1820 750 1848 :
769 1800 949 1849 ἅπαντα
966 1806 1105 1848 BPLa
1120 1803 1133 1861 ΙΙ
1148 1806 1174 1848 l.
1192 1805 1234 1847 X
1253 1806 1276 1845 2
1295 1804 1381 1845 τῶν
1399 1806 1629 1860 σοφιστῶν
1646 1806 1719 1848 καὶ

174 1875 522 1928 γραμματιστῶν
539 1874 608 1928 ρΤ
624 1889 633 1916 :
650 1875 738 1916 τῶν
753 1874 1101 1929 γραμματιστῶν
1118 1873 1257 1924 BPL?
1268 1871 1399 1926 (quod
1416 1873 1631 1916 Usenerus
1650 1875 1675 1916 l.
1689 1875 1715 1915 Ι.

174 1955 245 1997 pg.
270 1943 350 1985 360
374 1940 503 1984 tradit
524 1941 659 1984 verba
689 1954 792 1997 σοφ.
824 1941 897 1983 καὶ
929 1941 972 1983 in
1003 1939 1097 1983 cod.
1122 1940 1162 1982 H
1184 1940 1239 1983 ab
1261 1940 1397 1983 altera
1418 1953 1545 1983 manu
1565 1940 1717 1984 addita

175 2023 282 2065 esse,
314 2010 475 2052 fallitur
506 2010 571 2052 vir
601 2022 809 2052 summus:
842 2010 886 2051 in
916 2007 999 2051 hoc
1028 2008 1138 2051 libro
1163 2021 1242 2051 nec
1264 2009 1364 2051 vola
1384 2022 1464 2051 nec
1485 2010 1716 2062 vestigium

173 2079 350 2123 istorum
371 2078 675 2122 vocabulorum
697 2076 897 2133 adparet)
927 2074 937 2132 Η
969 2079 1022 2120 35
1053 2071 1156 2133 ἡμῖν
1188 2070 1585 2132 ἀναγεγραμμένων
1617 2077 1715 2131 ρΤε

174 2140 570 2203 ἀναγεγραμμένων
608 2141 713 2202 ἡμῖν
750 2146 851 2199 ΒΡγ
882 2143 1238 2202 ἐγγεγραμμένων
1269 2145 1324 2187 L1
1369 2143 1380 2199 Η
1426 2147 1478 2187 36
1523 2139 1716 2200 ἀκριβω-

171 2217 304 2271 μένου
328 2229 356 2272 ρ
389 2213 689 2272 οἷκριβιύμενος
711 2216 747 2259 Τ
771 2230 780 2257 :
804 2210 1114 2270 ἀκριβώματος
1135 2211 1303 2269 BPLyu
1325 2213 1487 2257 ibidem
1515 2214 1717 2271 χρῆσθαι

173 2299 254 2330 om.
279 2286 347 2341 ρΤ
369 2301 378 2328 :
401 2284 561 2329 habent
582 2285 732 2337 BPLy.
784 2298 894 2339 quae
915 2297 1010 2328 cum
1042 2284 1103 2326 ita
1133 2296 1179 2326 sc
1211 2282 1413 2338 habeant,
1444 2282 1717 2327 statuendum

172 2354 342 2398 videtur
372 2365 481 2408 esse,
513 2366 608 2397 cum
640 2366 669 2409 ρ
700 2353 796 2408 plus
827 2365 910 2395 uno
941 2351 1112 2395 nomine
1142 2350 1199 2394 ad
1231 2351 1372 2406 ipsum
1403 2351 1441 2393 Τ
1473 2350 1615 2394 redire
1647 2365 1718 2395 ne-

172 2426 313 2479 queat,
345 2425 569 2477 utrumque
600 2421 756 2464 librum
787 2434 810 2465 e
842 2420 1057 2465 communi
1093 2420 1211 2463 fonte
1242 2419 1457 2471 (nimirum
1489 2422 1528 2469 τ)
1561 2434 1714 2475 propa-

171 2495 317 2546 gatum
339 2502 446 2533 esse.
507 2489 575 2533 cui
596 2490 831 2533 sententiae
863 2489 1037 2532 minime
1067 2488 1322 2532 adversatur
1354 2488 1469 2542 quod
1501 2488 1664 2531 codicis
1688 2502 1717 2545 ρ

172 2557 380 2604 memoria
408 2571 436 2601 a
464 2557 575 2600 libro
605 2557 641 2600 L
679 2558 825 2612 paullo
863 2557 1040 2612 propius
1071 2557 1214 2611 abest,
1257 2555 1386 2598 modo
1426 2555 1637 2611 fingamus
1675 2557 1719 2600 in

170 2629 282 2672 libro
302 2640 328 2668 τ
348 2627 554 2670 lectiones
577 2638 632 2669 ex
653 2627 679 2666 λ
699 2626 858 2669 accitas
889 2638 974 2669 non
1006 2638 1153 2668 omnes
1185 2624 1393 2680 scalpello
1426 2624 1601 2668 admoto
1634 2625 1719 2681 ipsi

170 2696 392 2754 scriptoris
424 2695 642 2740 contextui
672 2695 921 2750 inculcatas,
953 2694 1029 2738 sed
1059 2693 1228 2749 partim,
1260 2692 1467 2737 videlicet
1497 2697 1544 2737 ut
1572 2694 1717 2750 legen-
