1861 3229
736 160 915 196 Analecta
937 158 1144 196 Laertiana.
1631 154 1712 193 137

166 285 287 332 χεῖον
324 278 357 320 Β
398 277 412 334 ΙΙ
450 282 503 323 53
548 278 798 327 καλλίνικος
835 277 902 320 La
932 292 941 320 :
971 274 1176 325 καλλίνος
1222 275 1264 327 (i.
1298 288 1333 318 e.
1370 272 1608 324 Καλλῖνος)
1648 270 1714 316 B

169 351 222 391 64
256 344 278 390 ὅ
313 346 474 398 οἰκεῖος
504 349 571 392 La
600 363 609 390 :
642 343 664 389 ὃ
697 353 814 395 κεῖος
844 346 879 388 Β
915 344 930 400 ΙΙ
969 348 1020 388 77
1061 345 1123 386 τιῦ
1163 342 1264 387 ἕπει
1295 345 1363 387 Loss
1398 340 1463 400 [τὸ
1508 340 1610 384 ἕπει
1640 338 1713 398 γ];

167 414 217 458 τὸ
254 414 330 459 ἐπὶ
360 418 394 459 Β
427 420 591 468 (verum
622 414 811 458 nondum
842 414 1090 461 inventum).

284 485 404 529 Haec
434 487 563 540 igitur
594 487 691 527 sunt
720 482 877 524 menda
908 481 1142 535 scripturae
1173 482 1322 524 classis
1354 495 1382 521 α
1415 482 1458 523 in
1490 481 1652 524 codicis
1678 480 1712 522 L

168 554 376 598 memoria
415 554 557 597 obvia.
632 552 743 593 inter
790 562 900 603 quae
947 561 1040 591 cum
1090 553 1257 591 exstent
1301 562 1410 604 quae
1455 550 1646 592 familiae
1686 550 1719 589 d

168 622 344 678 propria
373 635 425 666 ac
456 619 693 676 singularia
722 618 807 661 sint
838 617 905 669 (cf.
937 617 964 659 1.
996 615 1018 658 I
1049 619 1124 670 403
1158 618 1232 662 43;
1266 617 1307 659 II
1340 621 1413 673 713
1447 620 1519 672 863
1550 618 1614 660 III
1640 620 1711 672 113

170 693 247 745 223
280 693 356 745 89;
397 692 434 733 V
466 693 541 743 263
574 690 665 743 77),
708 687 901 730 codicem
939 687 1060 728 illum
1101 686 1250 728 classis
1281 690 1309 738 β
1346 688 1418 740 qui
1447 701 1524 741 pro
1555 687 1712 729 funda-

168 763 311 802 mento
356 758 590 801 memoriae
630 755 728 799 libri
769 755 803 797 L
857 752 1081 796 habendus
1121 757 1185 795 est
1229 752 1284 794 ad
1327 753 1482 795 librum
1522 755 1711 809 aliquem

171 828 361 870 familiae
393 828 424 867 d
450 829 687 869 correctum
718 824 850 866 fuisse
881 827 1114 866 statuamus
1144 835 1323 864 necesse
1354 826 1429 864 est.

285 894 722 937 Commemoravimus
767 890 1001 934 identidem
1048 891 1090 932 in
1137 890 1286 933 codice
1326 890 1360 931 L
1406 891 1578 933 novicia
1623 904 1715 933 esse

169 963 248 1006 fol.
271 964 410 1005 9—19
443 967 485 1005 et
516 963 568 1004 38
599 965 747 1017 utpote
786 959 1082 1003 recentissima
1120 959 1280 1002 saeculi
1312 959 1416 1002 XVI
1455 973 1584 1001 manu
1616 972 1714 1002 exa-

170 1034 278 1073 rata.
329 1043 439 1085 quae
461 1030 574 1072 unde
596 1043 674 1073 sua
694 1029 923 1083 sumpserit
952 1027 1125 1070 videtur
1154 1028 1240 1069 iam
1273 1027 1574 1081 inquirendum
1608 1041 1715 1071 esse.

170 1113 319 1143 verum
368 1099 511 1142 missis
560 1097 814 1153 ambagibus
873 1094 977 1151 quid
1034 1096 1096 1139 rei
1145 1096 1200 1139 sit
1250 1095 1350 1139 ilico
1411 1096 1712 1151 pronuntiabo.

173 1182 267 1211 cum
299 1168 504 1210 vidissem
536 1165 640 1210 folia
662 1168 744 1209 ista
773 1166 945 1208 novicia
976 1170 1061 1208 tam
1093 1165 1199 1207 seris
1234 1165 1500 1219 temporibus
1530 1166 1712 1219 perscri-

170 1240 246 1292 pta
276 1248 383 1290 esse,
415 1236 602 1289 suspicio
632 1238 747 1277 mota
782 1238 846 1277 est
875 1234 948 1288 qui
978 1233 1053 1275 illa
1083 1234 1279 1276 exaravit
1310 1234 1350 1276 ei
1382 1247 1486 1288 prae
1518 1234 1714 1277 manibus

172 1303 305 1346 fuisse
336 1304 490 1345 librum
523 1304 657 1356 ipsius
677 1301 966 1344 bibliothecae
986 1303 1315 1344 Laurentianae.
1366 1315 1445 1345 nec
1477 1303 1622 1356 opinio
1654 1302 1712 1345 fe-

170 1369 292 1414 fellit.
350 1371 482 1413 fuisse
522 1370 714 1413 codicem
754 1371 942 1424 aliquem
980 1369 1170 1411 familiae
1200 1383 1228 1421 γ
1267 1369 1502 1412 docuerunt
1532 1384 1600 1412 me
1632 1369 1715 1413 hae

172 1440 378 1482 lectiones
400 1439 543 1481 statim
573 1437 645 1480 fol.
670 1440 695 1479 9
727 1442 964 1481 exstantes:
996 1438 1015 1479 I
1037 1439 1087 1478 67
1122 1435 1247 1491 παρὰ
1271 1438 1351 1478 σοῦ
1372 1450 1449 1491 pro
1473 1436 1597 1491 παρὰ
1620 1439 1715 1492 σοὶ;

174 1506 279 1549 ibid.
294 1504 433 1562 βιωτή
455 1519 533 1560 pro
554 1503 706 1561 βιοτή;
728 1506 748 1547 Ι
766 1509 814 1547 71
839 1503 1039 1562 κυθήρας
1058 1518 1134 1559 pro
1156 1503 1387 1561 κυθήρων;
1409 1507 1429 1547 I
1446 1508 1498 1547 80
1522 1509 1718 1560 ποτέραν

174 1589 251 1631 pro
291 1576 505 1632 ποτέρην;
542 1574 646 1617 ibid.
680 1572 843 1624 ἐκεῖνος
873 1587 950 1629 pro
981 1581 1121 1624 κεῖνος
1162 1574 1231 1624 (cf.
1253 1587 1294 1629 p.
1321 1576 1430 1626 113).
1498 1574 1719 1630 adportari

174 1645 305 1699 igitur
335 1645 439 1687 iussi
470 1644 625 1686 librum
648 1643 685 1686 G
709 1644 781 1697 qui
812 1656 919 1686 unus
951 1642 1076 1686 huius
1107 1641 1300 1685 familiae
1331 1645 1452 1687 testis
1474 1645 1719 1687 Florentiae

174 1712 429 1755 adservatur
460 1725 511 1755 ac
542 1711 634 1754 sine
665 1712 754 1754 ullo
783 1711 957 1765 negotio
989 1711 1290 1766 supplementa
1321 1711 1483 1756 codicis
1505 1713 1539 1754 L
1561 1726 1615 1756 ex
1637 1713 1719 1756 isto

175 1780 287 1822 libro
332 1780 468 1834 petita
513 1793 608 1823 esse
653 1779 849 1833 cognovi.
918 1779 1135 1821 continent
1179 1780 1292 1821 enim
1337 1784 1510 1833 praeter
1555 1793 1719 1824 errores

176 1846 384 1901 quosdam
407 1847 568 1889 codicis
590 1846 627 1888 G
648 1847 844 1901 proprios
876 1859 1022 1889 omnes
1054 1847 1304 1889 correctoris
1328 1847 1388 1889 G2
1409 1847 1466 1889 ad
1497 1848 1525 1888 l.
1548 1848 1569 1889 I
1591 1850 1644 1889 65
1667 1872 1713 1876 ›—

174 1915 215 1956 ΙΙ
237 1917 285 1955 17
304 1915 567 1956 coniecturas
589 1927 767 1967 quarum
788 1914 1008 1967 graviores
1030 1914 1181 1955 saltem
1205 1928 1334 1967 supra
1350 1928 1420 1968 pg.
1443 1917 1521 1955 117
1540 1927 1715 1968 percen-

175 1982 349 2025 suimus.
409 1982 618 2036 praebent
647 1981 777 2036 igitur
807 1994 901 2024 cum
933 1994 1016 2025 uno
1048 1981 1107 2025 G2
1138 1982 1232 2024 167
1272 1976 1444 2038 ἠξίωσα
1475 1995 1553 2037 pro
1586 1978 1719 2033 ἀξιώ-

176 2063 279 2104 σας;
311 2050 332 2092 I
354 2051 406 2091 68
440 2046 573 2105 ἆρετῆ
604 2063 681 2104 pro
713 2044 890 2105 ἆρετήν;
922 2050 1027 2093 ibid.
1059 2048 1138 2106 τὴν
1175 2048 1476 2107 πεντηκοστὴν
1507 2053 1719 2108 πέμπτην

175 2132 254 2173 pro
296 2115 375 2173 τήν
406 2133 455 2160 π.
488 2116 636 2174 ἕκτηνς
674 2118 769 2161 173
802 2116 897 2172 ἐμοὶ
931 2132 1008 2174 pro
1050 2116 1169 2175 ἒμὶν;
1209 2119 1313 2163 ibid.
1355 2116 1603 2170 ἑπιτέλλεις
1642 2134 1720 2176 pro

178 2185 476 2240 ἔπιστέλλειςς
508 2187 611 2228 ibid.
644 2184 831 2242 ἐξέρπης
860 2200 938 2240 pro
982 2185 1207 2242 ἓξέρποις;
1239 2188 1259 2229 Ι
1282 2190 1333 2229 77
1366 2190 1410 2228 τί
1442 2181 1613 2242 ἀφανές
1642 2203 1721 2243 pro

178 2248 372 2311 ἆφανές,·
402 2259 556 2299 cetera.

292 2322 456 2372 Quibus
477 2324 604 2367 rebus
626 2325 810 2378 peractis
833 2325 1118 2367 correctiones
1138 2325 1275 2367 altera
1296 2339 1423 2367 manu
1439 2325 1529 2378 (L2)
1550 2327 1721 2368 saeculo

176 2389 278 2432 XIV
300 2391 437 2434 factas
459 2392 739 2446 speculemur.
793 2391 846 2435 de
869 2392 1022 2447 quibus
1045 2392 1150 2447 quid
1172 2392 1442 2437 statuendum
1467 2393 1522 2437 sit
1552 2397 1597 2435 ut
1628 2406 1720 2447 per-

177 2458 403 2512 spiciatur,
456 2473 508 2502 ea
552 2460 805 2514 adposuisse
851 2458 1007 2503 sufficit
1052 2474 1163 2514 quae
1209 2462 1265 2503 L2
1312 2462 1355 2503 in
1401 2462 1520 2503 libris
1562 2461 1721 2504 Ι-ΙΠ

178 2525 437 2568 emendavit.
489 2526 597 2569 haec
629 2526 885 2570 exhibentur
913 2527 1062 2569 tabula
1092 2528 1132 2569 H
1162 2541 1189 2569 a
1219 2541 1304 2582 qua
1338 2533 1480 2570 tamen
1512 2528 1722 2573 arcendas

181 2593 381 2637 duximus
403 2597 489 2637 tam
513 2608 586 2637 eas
608 2595 892 2638 correctiones
922 2608 1032 2649 quae
1063 2595 1119 2638 ad
1150 2609 1218 2639 res
1250 2595 1604 2651 orthographicas
1625 2612 1722 2653 pro-

178 2661 432 2706 sodiacasve
464 2666 725 2718 spectarent,
766 2676 893 2717 quam
925 2676 996 2706 eas
1029 2664 1182 2717 quibus
1211 2665 1349 2718 aperti
1380 2665 1528 2719 lapsus
1559 2666 1723 2709 librarii
