<?xml version="1.0" encoding="UTF-8"?>
<!DOCTYPE html PUBLIC "-//W3C//DTD XHTML 1.0 Transitional//EN"
    "http://www.w3.org/TR/xhtml1/DTD/xhtml1-transitional.dtd">
<html xmlns="http://www.w3.org/1999/xhtml" xml:lang="en" lang="en">
 <head>
  <title>
</title>
<meta http-equiv="Content-Type" content="text/html;charset=utf-8" />
  <meta name='ocr-system' content='tesseract 3.04.00' />
  <meta name='ocr-capabilities' content='ocr_page ocr_carea ocr_par ocr_line ocrx_word'/>
</head>
<body>
  <div class='ocr_page' id='page_1' title='image "4627071_0049.png"; bbox 0 0 1861 3229; ppageno 0'>
   <div class='ocr_carea' id='block_1_1' title="bbox 738 125 1712 167">
    <p class='ocr_par' dir='ltr' id='par_1_1' title="bbox 738 125 1712 167">
     <span class='ocr_line' id='line_1_1' title="bbox 738 125 1712 167; baseline -0.003 -3"><span class='ocrx_word' id='word_1_1' title='bbox 738 128 916 167; x_wconf 82' lang='lat' dir='ltr'>Analecta</span> <span class='ocrx_word' id='word_1_2' title='bbox 937 129 1146 167; x_wconf 75' lang='lat' dir='ltr'>Laertiana.</span> <span class='ocrx_word' id='word_1_3' title='bbox 1636 126 1656 162; x_wconf 89' lang='lat'>1</span> <span class='ocrx_word' id='word_1_4' title='bbox 1665 126 1684 161; x_wconf 87' lang='lat'>1</span> <span class='ocrx_word' id='word_1_5' title='bbox 1693 125 1712 160; x_wconf 87' lang='lat'>1</span> 
     </span>
    </p>
   </div>
   <div class='ocr_carea' id='block_1_2' title="bbox 163 241 1716 2702">
    <p class='ocr_par' dir='ltr' id='par_1_2' title="bbox 163 241 1716 2702">
     <span class='ocr_line' id='line_1_2' title="bbox 171 241 1714 304; baseline 0.006 -20"><span class='ocrx_word' id='word_1_6' title='bbox 171 242 272 285; x_wconf 89' lang='grc' dir='ltr'><strong><em>λετο</em></strong></span> <span class='ocrx_word' id='word_1_7' title='bbox 305 257 334 283; x_wconf 89' lang='grc' dir='ltr'><strong><em>α</em></strong></span> <span class='ocrx_word' id='word_1_8' title='bbox 365 257 375 285; x_wconf 92' lang='lat'>:</span> <span class='ocrx_word' id='word_1_9' title='bbox 408 241 665 289; x_wconf 79' lang='grc' dir='ltr'><strong><em>ἐπανείλετο</em></strong></span> <span class='ocrx_word' id='word_1_10' title='bbox 695 247 731 290; x_wconf 95' lang='grc' dir='ltr'><strong>Β</strong></span> <span class='ocrx_word' id='word_1_11' title='bbox 768 246 783 303; x_wconf 82' lang='grc' dir='ltr'><strong><em>ΙΙ</em></strong></span> <span class='ocrx_word' id='word_1_12' title='bbox 820 250 873 292; x_wconf 91' lang='grc'>53</span> <span class='ocrx_word' id='word_1_13' title='bbox 912 249 1002 290; x_wconf 80' lang='grc' dir='ltr'><strong><em>τῶν</em></strong></span> <span class='ocrx_word' id='word_1_14' title='bbox 1032 246 1178 304; x_wconf 89' lang='grc' dir='ltr'><strong><em>φίλων</em></strong></span> <span class='ocrx_word' id='word_1_15' title='bbox 1208 259 1238 286; x_wconf 89' lang='grc' dir='ltr'><strong><em>οι</em></strong></span> <span class='ocrx_word' id='word_1_16' title='bbox 1268 259 1279 288; x_wconf 89' lang='lat'>:</span> <span class='ocrx_word' id='word_1_17' title='bbox 1310 242 1367 287; x_wconf 83' lang='grc' dir='ltr'><strong><em>τὰ</em></strong></span> <span class='ocrx_word' id='word_1_18' title='bbox 1399 242 1546 300; x_wconf 90' lang='grc' dir='ltr'><strong><em>φίλων</em></strong></span> <span class='ocrx_word' id='word_1_19' title='bbox 1578 241 1612 283; x_wconf 92' lang='grc' dir='ltr'>Β</span> <span class='ocrx_word' id='word_1_20' title='bbox 1645 242 1714 292; x_wconf 75' lang='lat' dir='ltr'>(Of-</span> 
     </span>
     <span class='ocr_line' id='line_1_3' title="bbox 170 311 1716 372; baseline -0.003 -17"><span class='ocrx_word' id='word_1_21' title='bbox 170 312 321 356; x_wconf 84' lang='lat' dir='ltr'><strong>Iambl.</strong></span> <span class='ocrx_word' id='word_1_22' title='bbox 354 311 424 354; x_wconf 85' lang='lat' dir='ltr'><strong><em>De</em></strong></span> <span class='ocrx_word' id='word_1_23' title='bbox 453 314 524 355; x_wconf 83' lang='lat' dir='ltr'><strong><em>vit.</em></strong></span> <span class='ocrx_word' id='word_1_24' title='bbox 557 313 681 371; x_wconf 74' lang='lat' dir='ltr'><strong><em>Pytlt.</em></strong></span> <span class='ocrx_word' id='word_1_25' title='bbox 713 318 737 367; x_wconf 68' lang='grc' dir='ltr'><em>ξ</em></span> <span class='ocrx_word' id='word_1_26' title='bbox 769 318 838 368; x_wconf 86' lang='grc'><strong><em>92)</em></strong></span> <span class='ocrx_word' id='word_1_27' title='bbox 861 315 877 372; x_wconf 81' lang='grc' dir='ltr'><strong><em>ΙΙ</em></strong></span> <span class='ocrx_word' id='word_1_28' title='bbox 900 320 952 360; x_wconf 88' lang='grc'>57</span> <span class='ocrx_word' id='word_1_29' title='bbox 982 331 1031 358; x_wconf 88' lang='grc' dir='ltr'><strong><em>τε</em></strong></span> <span class='ocrx_word' id='word_1_30' title='bbox 1062 329 1091 356; x_wconf 88' lang='grc' dir='ltr'><strong><em>α</em></strong></span> <span class='ocrx_word' id='word_1_31' title='bbox 1123 328 1133 357; x_wconf 91' lang='lat'>:</span> <span class='ocrx_word' id='word_1_32' title='bbox 1163 330 1210 356; x_wconf 84' lang='grc' dir='ltr'><strong><em>τε</em></strong></span> <span class='ocrx_word' id='word_1_33' title='bbox 1241 314 1314 356; x_wconf 88' lang='grc' dir='ltr'><strong><em>καὶ</em></strong></span> <span class='ocrx_word' id='word_1_34' title='bbox 1344 313 1380 356; x_wconf 92' lang='grc' dir='ltr'>Β</span> <span class='ocrx_word' id='word_1_35' title='bbox 1403 311 1418 368; x_wconf 88' lang='grc' dir='ltr'><strong><em>ΙΙ</em></strong></span> <span class='ocrx_word' id='word_1_36' title='bbox 1442 313 1495 355; x_wconf 96' lang='grc'>58</span> <span class='ocrx_word' id='word_1_37' title='bbox 1527 325 1716 365; x_wconf 84' lang='grc' dir='ltr'><strong><em>προικο-</em></strong></span> 
     </span>
     <span class='ocr_line' id='line_1_4' title="bbox 170 375 1713 439; baseline -0.002 -18"><span class='ocrx_word' id='word_1_38' title='bbox 170 378 324 435; x_wconf 90' lang='grc' dir='ltr'><strong><em>νήσιος</em></strong></span> <span class='ocrx_word' id='word_1_39' title='bbox 354 394 384 421; x_wconf 84' lang='grc' dir='ltr'><strong><em>α</em></strong></span> <span class='ocrx_word' id='word_1_40' title='bbox 414 395 425 423; x_wconf 87' lang='lat'>:</span> <span class='ocrx_word' id='word_1_41' title='bbox 455 381 777 439; x_wconf 87' lang='grc' dir='ltr'><strong><em>προκοννήσιος</em></strong></span> <span class='ocrx_word' id='word_1_42' title='bbox 807 386 842 428; x_wconf 94' lang='grc' dir='ltr'>Β</span> <span class='ocrx_word' id='word_1_43' title='bbox 866 383 880 439; x_wconf 86' lang='grc' dir='ltr'><strong><em>ΙΙ</em></strong></span> <span class='ocrx_word' id='word_1_44' title='bbox 904 388 957 427; x_wconf 91' lang='grc'>59</span> <span class='ocrx_word' id='word_1_45' title='bbox 991 381 1067 426; x_wconf 86' lang='grc' dir='ltr'><strong><em>διὰ</em></strong></span> <span class='ocrx_word' id='word_1_46' title='bbox 1098 396 1127 422; x_wconf 87' lang='grc' dir='ltr'><strong><em>α</em></strong></span> <span class='ocrx_word' id='word_1_47' title='bbox 1159 396 1169 424; x_wconf 91' lang='lat'><strong>:</strong></span> <span class='ocrx_word' id='word_1_48' title='bbox 1201 377 1336 424; x_wconf 77' lang='grc' dir='ltr'><strong><em>αὐτὸν</em></strong></span> <span class='ocrx_word' id='word_1_49' title='bbox 1366 379 1537 436; x_wconf 79' lang='grc' dir='ltr'><strong><em>τρόπον</em></strong></span> <span class='ocrx_word' id='word_1_50' title='bbox 1569 375 1646 420; x_wconf 85' lang='grc' dir='ltr'><strong><em>διὰ</em></strong></span> <span class='ocrx_word' id='word_1_51' title='bbox 1678 377 1713 419; x_wconf 93' lang='grc' dir='ltr'>Β</span> 
     </span>
     <span class='ocr_line' id='line_1_5' title="bbox 169 442 1713 509; baseline 0 -19"><span class='ocrx_word' id='word_1_52' title='bbox 169 445 266 503; x_wconf 84' lang='grc' dir='ltr'><strong><em>(τὸν</em></strong></span> <span class='ocrx_word' id='word_1_53' title='bbox 299 442 435 493; x_wconf 71' lang='grc' dir='ltr'><strong><em>αὐτὸν</em></strong></span> <span class='ocrx_word' id='word_1_54' title='bbox 463 449 635 507; x_wconf 81' lang='grc' dir='ltr'><strong><em>τρόπον</em></strong></span> <span class='ocrx_word' id='word_1_55' title='bbox 667 450 742 495; x_wconf 80' lang='grc' dir='ltr'><strong><em>διὰ</em></strong></span> <span class='ocrx_word' id='word_1_56' title='bbox 763 453 815 506; x_wconf 94' lang='lat' dir='ltr'><strong><em>L)</em></strong></span> <span class='ocrx_word' id='word_1_57' title='bbox 838 451 853 509; x_wconf 78' lang='grc' dir='ltr'><strong><em>ΙΙ</em></strong></span> <span class='ocrx_word' id='word_1_58' title='bbox 876 454 930 496; x_wconf 85' lang='grc'><strong><em>62</em></strong></span> <span class='ocrx_word' id='word_1_59' title='bbox 963 449 1188 506; x_wconf 74' lang='grc' dir='ltr'><strong><em>ἐπιμελῶς</em></strong></span> <span class='ocrx_word' id='word_1_60' title='bbox 1209 464 1238 491; x_wconf 87' lang='grc' dir='ltr'><strong><em>οι</em></strong></span> <span class='ocrx_word' id='word_1_61' title='bbox 1260 465 1270 493; x_wconf 75' lang='lat' dir='ltr'><strong><em>z</em></strong></span> <span class='ocrx_word' id='word_1_62' title='bbox 1292 448 1623 504; x_wconf 72' lang='grc' dir='ltr'><strong><em>ἐπιμελέστατα</em></strong></span> <span class='ocrx_word' id='word_1_63' title='bbox 1644 447 1679 490; x_wconf 95' lang='grc' dir='ltr'>Β</span> <span class='ocrx_word' id='word_1_64' title='bbox 1702 444 1713 501; x_wconf 77' lang='grc' dir='ltr'>Η</span> 
     </span>
     <span class='ocr_line' id='line_1_6' title="bbox 171 510 1708 576; baseline -0.003 -16"><span class='ocrx_word' id='word_1_65' title='bbox 171 519 223 560; x_wconf 90' lang='grc'><strong><em>63</em></strong></span> <span class='ocrx_word' id='word_1_66' title='bbox 255 517 336 572; x_wconf 85' lang='grc' dir='ltr'><strong><em>μὲν</em></strong></span> <span class='ocrx_word' id='word_1_67' title='bbox 365 522 578 576; x_wconf 88' lang='grc' dir='ltr'><strong><em>μέντορος</em></strong></span> <span class='ocrx_word' id='word_1_68' title='bbox 607 534 637 561; x_wconf 89' lang='grc' dir='ltr'><strong><em>α</em></strong></span> <span class='ocrx_word' id='word_1_69' title='bbox 659 535 669 563; x_wconf 88' lang='lat'>:</span> <span class='ocrx_word' id='word_1_70' title='bbox 689 523 903 576; x_wconf 86' lang='grc' dir='ltr'><strong><em>μέντορος</em></strong></span> <span class='ocrx_word' id='word_1_71' title='bbox 933 521 969 563; x_wconf 90' lang='grc' dir='ltr'>Β</span> <span class='ocrx_word' id='word_1_72' title='bbox 991 519 1006 575; x_wconf 84' lang='grc' dir='ltr'><strong><em>ΙΙ</em></strong></span> <span class='ocrx_word' id='word_1_73' title='bbox 1030 523 1084 563; x_wconf 95' lang='grc'>65</span> <span class='ocrx_word' id='word_1_74' title='bbox 1117 520 1228 576; x_wconf 90' lang='grc' dir='ltr'><strong><em>φησὶ</em></strong></span> <span class='ocrx_word' id='word_1_75' title='bbox 1260 518 1308 561; x_wconf 85' lang='grc' dir='ltr'><strong><em>δὲ</em></strong></span> <span class='ocrx_word' id='word_1_76' title='bbox 1338 519 1412 560; x_wconf 88' lang='grc' dir='ltr'><strong><em>καὶ</em></strong></span> <span class='ocrx_word' id='word_1_77' title='bbox 1442 532 1471 558; x_wconf 88' lang='grc' dir='ltr'><strong><em>α</em></strong></span> <span class='ocrx_word' id='word_1_78' title='bbox 1493 532 1504 560; x_wconf 90' lang='lat'>:</span> <span class='ocrx_word' id='word_1_79' title='bbox 1529 516 1640 575; x_wconf 90' lang='grc' dir='ltr'><strong><em>φησὶ</em></strong></span> <span class='ocrx_word' id='word_1_80' title='bbox 1665 510 1708 556; x_wconf 74' lang='grc' dir='ltr'><strong><em>δ’</em></strong></span> 
     </span>
     <span class='ocr_line' id='line_1_7' title="bbox 168 584 1711 645; baseline -0.003 -15"><span class='ocrx_word' id='word_1_81' title='bbox 168 587 204 630; x_wconf 94' lang='grc' dir='ltr'>Β</span> <span class='ocrx_word' id='word_1_82' title='bbox 226 585 241 642; x_wconf 89' lang='grc' dir='ltr'><strong><em>ΙΙ</em></strong></span> <span class='ocrx_word' id='word_1_83' title='bbox 262 586 400 645; x_wconf 82' lang='grc' dir='ltr'><strong><em>μηδὲν</em></strong></span> <span class='ocrx_word' id='word_1_84' title='bbox 431 602 461 629; x_wconf 90' lang='grc' dir='ltr'><strong><em>α</em></strong></span> <span class='ocrx_word' id='word_1_85' title='bbox 491 603 502 631; x_wconf 89' lang='lat'>:</span> <span class='ocrx_word' id='word_1_86' title='bbox 534 584 661 632; x_wconf 64' lang='grc' dir='ltr'><strong><em>οὐδὲν</em></strong></span> <span class='ocrx_word' id='word_1_87' title='bbox 691 590 727 632; x_wconf 95' lang='grc' dir='ltr'>Β</span> <span class='ocrx_word' id='word_1_88' title='bbox 750 588 765 644; x_wconf 85' lang='grc' dir='ltr'><strong><em>ΙΙ</em></strong></span> <span class='ocrx_word' id='word_1_89' title='bbox 788 588 1008 645; x_wconf 82' lang='grc' dir='ltr'><strong><em>λογαδικῶ</em></strong></span> <span class='ocrx_word' id='word_1_90' title='bbox 1039 587 1193 631; x_wconf 82' lang='lat' dir='ltr'>DGSV</span> <span class='ocrx_word' id='word_1_91' title='bbox 1223 588 1279 639; x_wconf 92' lang='lat' dir='ltr'><strong><em>(U</em></strong></span> <span class='ocrx_word' id='word_1_92' title='bbox 1310 587 1365 630; x_wconf 82' lang='lat' dir='ltr'><strong><em>de</em></strong></span> <span class='ocrx_word' id='word_1_93' title='bbox 1395 587 1504 630; x_wconf 83' lang='lat' dir='ltr'>coni.</span> <span class='ocrx_word' id='word_1_94' title='bbox 1537 585 1711 639; x_wconf 87' lang='grc' dir='ltr'><strong><em>λογαοι-</em></strong></span> 
     </span>
     <span class='ocr_line' id='line_1_8' title="bbox 170 652 1712 713; baseline -0.002 -16"><span class='ocrx_word' id='word_1_95' title='bbox 170 654 294 708; x_wconf 81' lang='grc' dir='ltr'><strong><em>δικῶ)</em></strong></span> <span class='ocrx_word' id='word_1_96' title='bbox 334 671 345 699; x_wconf 89' lang='lat'><strong>:</strong></span> <span class='ocrx_word' id='word_1_97' title='bbox 386 657 671 713; x_wconf 83' lang='grc' dir='ltr'><strong><em>λογιαοιδικῶ</em></strong></span> <span class='ocrx_word' id='word_1_98' title='bbox 709 658 744 700; x_wconf 93' lang='grc' dir='ltr'>Β</span> <span class='ocrx_word' id='word_1_99' title='bbox 785 656 1069 713; x_wconf 70' lang='grc' dir='ltr'><strong><em>(λογαοιδικῷ</em></strong></span> <span class='ocrx_word' id='word_1_100' title='bbox 1106 657 1158 707; x_wconf 92' lang='lat' dir='ltr'><strong><em>L)</em></strong></span> <span class='ocrx_word' id='word_1_101' title='bbox 1195 655 1210 709; x_wconf 93' lang='grc' dir='ltr'><strong><em>ΙΙ</em></strong></span> <span class='ocrx_word' id='word_1_102' title='bbox 1247 656 1285 698; x_wconf 92' lang='lat' dir='ltr'><strong>V</strong></span> <span class='ocrx_word' id='word_1_103' title='bbox 1316 658 1342 696; x_wconf 87' lang='lat'>4</span> <span class='ocrx_word' id='word_1_104' title='bbox 1381 652 1620 696; x_wconf 87' lang='grc' dir='ltr'><strong><em>ἐλευσινίδι</em></strong></span> <span class='ocrx_word' id='word_1_105' title='bbox 1650 664 1712 692; x_wconf 82' lang='lat' dir='ltr'><strong><em>a:</em></strong></span> 
     </span>
     <span class='ocr_line' id='line_1_9' title="bbox 170 721 1713 783; baseline -0.003 -17"><span class='ocrx_word' id='word_1_106' title='bbox 170 721 435 769; x_wconf 86' lang='grc' dir='ltr'><strong><em>ἐλευσινείαι</em></strong></span> <span class='ocrx_word' id='word_1_107' title='bbox 456 727 491 769; x_wconf 93' lang='grc' dir='ltr'>Β</span> <span class='ocrx_word' id='word_1_108' title='bbox 521 721 784 783; x_wconf 83' lang='grc' dir='ltr'><strong><em>(Ἐλευσινίᾳ</em></strong></span> <span class='ocrx_word' id='word_1_109' title='bbox 804 725 855 779; x_wconf 92' lang='lat' dir='ltr'><strong><em>L)</em></strong></span> <span class='ocrx_word' id='word_1_110' title='bbox 878 724 892 781; x_wconf 86' lang='grc' dir='ltr'><strong><em>ΙΙ</em></strong></span> <span class='ocrx_word' id='word_1_111' title='bbox 917 728 940 768; x_wconf 90' lang='grc'><strong>7</strong></span> <span class='ocrx_word' id='word_1_112' title='bbox 972 722 1147 780; x_wconf 84' lang='grc' dir='ltr'><strong><em>καρπὸν</em></strong></span> <span class='ocrx_word' id='word_1_113' title='bbox 1178 722 1242 774; x_wconf 82' lang='grc' dir='ltr'><strong><em>εἷς</em></strong></span> <span class='ocrx_word' id='word_1_114' title='bbox 1272 721 1474 766; x_wconf 76' lang='grc' dir='ltr'><strong><em>θάνατον</em></strong></span> <span class='ocrx_word' id='word_1_115' title='bbox 1505 735 1534 761; x_wconf 87' lang='grc' dir='ltr'><strong><em>α</em></strong></span> <span class='ocrx_word' id='word_1_116' title='bbox 1566 735 1576 762; x_wconf 89' lang='lat'>:</span> <span class='ocrx_word' id='word_1_117' title='bbox 1606 736 1713 773; x_wconf 89' lang='grc' dir='ltr'><strong><em>καρ-</em></strong></span> 
     </span>
     <span class='ocr_line' id='line_1_10' title="bbox 169 788 1712 847; baseline -0.003 -13"><span class='ocrx_word' id='word_1_118' title='bbox 169 791 259 834; x_wconf 89' lang='grc' dir='ltr'><strong><em>πὸν</em></strong></span> <span class='ocrx_word' id='word_1_119' title='bbox 290 792 355 842; x_wconf 84' lang='grc' dir='ltr'><strong><em>εἷς</em></strong></span> <span class='ocrx_word' id='word_1_120' title='bbox 386 788 620 836; x_wconf 74' lang='grc' dir='ltr'><strong><em>ἀθάνατον</em></strong></span> <span class='ocrx_word' id='word_1_121' title='bbox 640 795 676 837; x_wconf 91' lang='grc' dir='ltr'>Β</span> <span class='ocrx_word' id='word_1_122' title='bbox 707 793 878 847; x_wconf 76' lang='grc' dir='ltr'><strong><em>(ἵμερον</em></strong></span> <span class='ocrx_word' id='word_1_123' title='bbox 900 789 1134 836; x_wconf 69' lang='grc' dir='ltr'><strong><em>ἀθάνατον</em></strong></span> <span class='ocrx_word' id='word_1_124' title='bbox 1156 794 1208 837; x_wconf 89' lang='lat' dir='ltr'><strong><em>ci.</em></strong></span> <span class='ocrx_word' id='word_1_125' title='bbox 1230 792 1456 836; x_wconf 82' lang='lat' dir='ltr'>Kaibelius</span> <span class='ocrx_word' id='word_1_126' title='bbox 1478 791 1535 833; x_wconf 88' lang='lat' dir='ltr'><strong><em>ad</em></strong></span> <span class='ocrx_word' id='word_1_127' title='bbox 1555 789 1712 832; x_wconf 84' lang='lat' dir='ltr'><strong>Athen.</strong></span> 
     </span>
     <span class='ocr_line' id='line_1_11' title="bbox 168 858 1713 918; baseline -0.004 -15"><span class='ocrx_word' id='word_1_128' title='bbox 168 861 195 903; x_wconf 90' lang='lat' dir='ltr'><strong><em>l.</em></strong></span> <span class='ocrx_word' id='word_1_129' title='bbox 219 860 300 903; x_wconf 93' lang='lat' dir='ltr'><strong><em>XV</em></strong></span> <span class='ocrx_word' id='word_1_130' title='bbox 323 863 405 904; x_wconf 87' lang='lat'><strong><em>696</em></strong></span> <span class='ocrx_word' id='word_1_131' title='bbox 423 862 463 914; x_wconf 83' lang='lat' dir='ltr'><strong><em>c)</em></strong></span> <span class='ocrx_word' id='word_1_132' title='bbox 488 862 503 915; x_wconf 88' lang='grc' dir='ltr'><strong><em>ΙΙ</em></strong></span> <span class='ocrx_word' id='word_1_133' title='bbox 527 864 551 904; x_wconf 92' lang='grc'>8</span> <span class='ocrx_word' id='word_1_134' title='bbox 584 862 717 918; x_wconf 90' lang='grc' dir='ltr'><strong><em>φιλία</em></strong></span> <span class='ocrx_word' id='word_1_135' title='bbox 747 875 776 901; x_wconf 84' lang='grc' dir='ltr'><strong><em>α</em></strong></span> <span class='ocrx_word' id='word_1_136' title='bbox 807 875 818 903; x_wconf 90' lang='lat'>:</span> <span class='ocrx_word' id='word_1_137' title='bbox 850 861 1031 917; x_wconf 82' lang='grc' dir='ltr'><strong><em>φιλίους</em></strong></span> <span class='ocrx_word' id='word_1_138' title='bbox 1051 862 1086 903; x_wconf 95' lang='grc' dir='ltr'>Β</span> <span class='ocrx_word' id='word_1_139' title='bbox 1109 861 1279 918; x_wconf 85' lang='grc' dir='ltr'><strong><em>(φιλίου</em></strong></span> <span class='ocrx_word' id='word_1_140' title='bbox 1301 860 1352 910; x_wconf 93' lang='lat' dir='ltr'><strong><em>L)</em></strong></span> <span class='ocrx_word' id='word_1_141' title='bbox 1374 858 1390 914; x_wconf 81' lang='grc' dir='ltr'><strong><em>ΙΙ</em></strong></span> <span class='ocrx_word' id='word_1_142' title='bbox 1414 858 1630 915; x_wconf 75' lang='grc' dir='ltr'><strong><em>ἔντροφον</em></strong></span> <span class='ocrx_word' id='word_1_143' title='bbox 1652 869 1681 896; x_wconf 87' lang='grc' dir='ltr'><strong><em>α</em></strong></span> <span class='ocrx_word' id='word_1_144' title='bbox 1703 869 1713 897; x_wconf 89' lang='lat'>:</span> 
     </span>
     <span class='ocr_line' id='line_1_12' title="bbox 170 926 1713 986; baseline -0.003 -14"><span class='ocrx_word' id='word_1_145' title='bbox 170 927 386 985; x_wconf 73' lang='grc' dir='ltr'><strong><em>ἔντροφος</em></strong></span> <span class='ocrx_word' id='word_1_146' title='bbox 406 931 442 973; x_wconf 95' lang='grc' dir='ltr'>Β</span> <span class='ocrx_word' id='word_1_147' title='bbox 464 928 479 985; x_wconf 88' lang='grc' dir='ltr'><strong><em>ΙΙ</em></strong></span> <span class='ocrx_word' id='word_1_148' title='bbox 503 932 527 972; x_wconf 91' lang='grc'>9</span> <span class='ocrx_word' id='word_1_149' title='bbox 551 928 615 980; x_wconf 83' lang='grc' dir='ltr'><strong><em>εἷς</em></strong></span> <span class='ocrx_word' id='word_1_150' title='bbox 636 928 816 986; x_wconf 81' lang='grc' dir='ltr'><strong><em>ἑρμείαν</em></strong></span> <span class='ocrx_word' id='word_1_151' title='bbox 837 944 866 971; x_wconf 90' lang='grc' dir='ltr'><strong><em>α</em></strong></span> <span class='ocrx_word' id='word_1_152' title='bbox 888 945 898 972; x_wconf 88' lang='lat'>:</span> <span class='ocrx_word' id='word_1_153' title='bbox 920 928 1037 986; x_wconf 84' lang='grc' dir='ltr'><strong><em>πρὸς</em></strong></span> <span class='ocrx_word' id='word_1_154' title='bbox 1068 928 1247 984; x_wconf 78' lang='grc' dir='ltr'><strong><em>ἕρμείαν</em></strong></span> <span class='ocrx_word' id='word_1_155' title='bbox 1278 930 1312 972; x_wconf 92' lang='grc' dir='ltr'>Β</span> <span class='ocrx_word' id='word_1_156' title='bbox 1336 928 1350 983; x_wconf 91' lang='grc' dir='ltr'><strong><em>ΙΙ</em></strong></span> <span class='ocrx_word' id='word_1_157' title='bbox 1378 931 1427 971; x_wconf 92' lang='grc'><strong><em>10</em></strong></span> <span class='ocrx_word' id='word_1_158' title='bbox 1460 926 1525 978; x_wconf 83' lang='grc' dir='ltr'><strong><em>εἰς</em></strong></span> <span class='ocrx_word' id='word_1_159' title='bbox 1556 926 1713 983; x_wconf 86' lang='grc' dir='ltr'><strong><em>φίλιπ-</em></strong></span> 
     </span>
     <span class='ocr_line' id='line_1_13' title="bbox 168 994 1714 1055; baseline -0.002 -16"><span class='ocrx_word' id='word_1_160' title='bbox 168 1012 258 1039; x_wconf 91' lang='grc' dir='ltr'><strong><em>πον</em></strong></span> <span class='ocrx_word' id='word_1_161' title='bbox 289 1011 319 1038; x_wconf 86' lang='grc' dir='ltr'><strong><em>α</em></strong></span> <span class='ocrx_word' id='word_1_162' title='bbox 340 1012 350 1040; x_wconf 78' lang='lat' dir='ltr'><em>z</em></span> <span class='ocrx_word' id='word_1_163' title='bbox 371 996 489 1053; x_wconf 85' lang='grc' dir='ltr'><strong><em>πρὸς</em></strong></span> <span class='ocrx_word' id='word_1_164' title='bbox 520 999 749 1055; x_wconf 90' lang='grc' dir='ltr'><strong><em>φίλιππον</em></strong></span> <span class='ocrx_word' id='word_1_165' title='bbox 781 1000 815 1043; x_wconf 94' lang='grc' dir='ltr'>Β</span> <span class='ocrx_word' id='word_1_166' title='bbox 838 999 853 1055; x_wconf 80' lang='grc' dir='ltr'><strong><em>ΙΙ</em></strong></span> <span class='ocrx_word' id='word_1_167' title='bbox 879 1001 929 1042; x_wconf 89' lang='grc'><strong><em>13</em></strong></span> <span class='ocrx_word' id='word_1_168' title='bbox 953 997 1120 1048; x_wconf 85' lang='grc' dir='ltr'><strong><em>παιδὸς</em></strong></span> <span class='ocrx_word' id='word_1_169' title='bbox 1141 1012 1170 1038; x_wconf 90' lang='grc' dir='ltr'><strong><em>α</em></strong></span> <span class='ocrx_word' id='word_1_170' title='bbox 1192 1012 1202 1040; x_wconf 88' lang='lat'><strong>:</strong></span> <span class='ocrx_word' id='word_1_171' title='bbox 1224 996 1413 1040; x_wconf 75' lang='grc' dir='ltr'><strong><em>παιδίου</em></strong></span> <span class='ocrx_word' id='word_1_172' title='bbox 1434 997 1470 1039; x_wconf 94' lang='grc' dir='ltr'>Β</span> <span class='ocrx_word' id='word_1_173' title='bbox 1493 994 1508 1051; x_wconf 87' lang='grc' dir='ltr'><strong><em>ΙΙ</em></strong></span> <span class='ocrx_word' id='word_1_174' title='bbox 1534 997 1584 1038; x_wconf 88' lang='grc'><strong><em>18</em></strong></span> <span class='ocrx_word' id='word_1_175' title='bbox 1616 995 1714 1050; x_wconf 88' lang='grc' dir='ltr'><strong><em>γλυ-</em></strong></span> 
     </span>
     <span class='ocr_line' id='line_1_14' title="bbox 167 1061 1713 1125; baseline -0.001 -18"><span class='ocrx_word' id='word_1_176' title='bbox 167 1064 244 1108; x_wconf 82' lang='grc' dir='ltr'><strong><em>κὺν</em></strong></span> <span class='ocrx_word' id='word_1_177' title='bbox 276 1065 323 1108; x_wconf 83' lang='grc' dir='ltr'><strong><em>δὲ</em></strong></span> <span class='ocrx_word' id='word_1_178' title='bbox 352 1064 431 1109; x_wconf 84' lang='grc' dir='ltr'><strong><em>τὸν</em></strong></span> <span class='ocrx_word' id='word_1_179' title='bbox 460 1066 633 1122; x_wconf 89' lang='grc' dir='ltr'><strong><em>καρπόν</em></strong></span> <span class='ocrx_word' id='word_1_180' title='bbox 664 1068 820 1112; x_wconf 86' lang='lat' dir='ltr'>DSUV</span> <span class='ocrx_word' id='word_1_181' title='bbox 852 1066 1024 1125; x_wconf 84' lang='grc' dir='ltr'><strong><em>(γλυκὴν</em></strong></span> <span class='ocrx_word' id='word_1_182' title='bbox 1055 1067 1093 1109; x_wconf 91' lang='grc' dir='ltr'><strong><em>δ.</em></strong></span> <span class='ocrx_word' id='word_1_183' title='bbox 1114 1083 1152 1109; x_wconf 88' lang='grc' dir='ltr'><strong><em>τ.</em></strong></span> <span class='ocrx_word' id='word_1_184' title='bbox 1174 1083 1211 1109; x_wconf 91' lang='grc' dir='ltr'><strong><em>κ.</em></strong></span> <span class='ocrx_word' id='word_1_185' title='bbox 1244 1068 1298 1115; x_wconf 81' lang='lat' dir='ltr'><strong><em>Gr)</em></strong></span> <span class='ocrx_word' id='word_1_186' title='bbox 1321 1082 1330 1108; x_wconf 90' lang='lat'>:</span> <span class='ocrx_word' id='word_1_187' title='bbox 1352 1063 1430 1108; x_wconf 82' lang='grc' dir='ltr'><strong><em>τὸν</em></strong></span> <span class='ocrx_word' id='word_1_188' title='bbox 1463 1064 1510 1106; x_wconf 82' lang='grc' dir='ltr'><strong><em>δὲ</em></strong></span> <span class='ocrx_word' id='word_1_189' title='bbox 1540 1061 1713 1118; x_wconf 85' lang='grc' dir='ltr'><strong><em>καρπὸν</em></strong></span> 
     </span>
     <span class='ocr_line' id='line_1_15' title="bbox 167 1132 1713 1191; baseline 0 -16"><span class='ocrx_word' id='word_1_190' title='bbox 167 1132 324 1190; x_wconf 86' lang='grc' dir='ltr'><strong><em>γλυκύν</em></strong></span> <span class='ocrx_word' id='word_1_191' title='bbox 353 1135 389 1177; x_wconf 95' lang='grc' dir='ltr'>Β</span> <span class='ocrx_word' id='word_1_192' title='bbox 419 1134 434 1188; x_wconf 84' lang='grc' dir='ltr'><strong><em>ΙΙ</em></strong></span> <span class='ocrx_word' id='word_1_193' title='bbox 468 1139 519 1179; x_wconf 90' lang='grc'><strong><em>19</em></strong></span> <span class='ocrx_word' id='word_1_194' title='bbox 552 1144 735 1178; x_wconf 83' lang='grc' dir='ltr'><strong><em>σκοπεῖν</em></strong></span> <span class='ocrx_word' id='word_1_195' title='bbox 767 1149 796 1176; x_wconf 86' lang='grc' dir='ltr'><strong><em>α</em></strong></span> <span class='ocrx_word' id='word_1_196' title='bbox 836 1151 846 1179; x_wconf 92' lang='lat'>:</span> <span class='ocrx_word' id='word_1_197' title='bbox 886 1136 955 1179; x_wconf 89' lang='grc' dir='ltr'><strong><em>δεῖ</em></strong></span> <span class='ocrx_word' id='word_1_198' title='bbox 991 1143 1174 1179; x_wconf 85' lang='grc' dir='ltr'><strong><em>σκοπεῖν</em></strong></span> <span class='ocrx_word' id='word_1_199' title='bbox 1207 1136 1240 1178; x_wconf 91' lang='grc' dir='ltr'>Β</span> <span class='ocrx_word' id='word_1_200' title='bbox 1271 1134 1286 1190; x_wconf 87' lang='grc' dir='ltr'><strong><em>ΙΙ</em></strong></span> <span class='ocrx_word' id='word_1_201' title='bbox 1319 1137 1371 1177; x_wconf 91' lang='grc'><strong><em>30</em></strong></span> <span class='ocrx_word' id='word_1_202' title='bbox 1403 1140 1621 1191; x_wconf 83' lang='grc' dir='ltr'><strong><em>πονηροῖς</em></strong></span> <span class='ocrx_word' id='word_1_203' title='bbox 1651 1145 1713 1174; x_wconf 80' lang='lat' dir='ltr'><strong><em>a:</em></strong></span> 
     </span>
     <span class='ocr_line' id='line_1_16' title="bbox 168 1199 1711 1263; baseline -0.001 -18"><span class='ocrx_word' id='word_1_204' title='bbox 168 1201 329 1253; x_wconf 83' lang='grc' dir='ltr'><strong><em>πόνοις</em></strong></span> <span class='ocrx_word' id='word_1_205' title='bbox 357 1204 393 1246; x_wconf 95' lang='grc' dir='ltr'>Β</span> <span class='ocrx_word' id='word_1_206' title='bbox 416 1202 430 1257; x_wconf 85' lang='grc' dir='ltr'><strong><em>ΙΙ</em></strong></span> <span class='ocrx_word' id='word_1_207' title='bbox 454 1205 504 1246; x_wconf 91' lang='grc'><strong><em>31</em></strong></span> <span class='ocrx_word' id='word_1_208' title='bbox 539 1199 704 1263; x_wconf 74' lang='grc' dir='ltr'><strong><em>ἇπαθῆ</em></strong></span> <span class='ocrx_word' id='word_1_209' title='bbox 734 1218 764 1245; x_wconf 86' lang='grc' dir='ltr'><strong><em>α</em></strong></span> <span class='ocrx_word' id='word_1_210' title='bbox 786 1219 796 1247; x_wconf 91' lang='lat'>:</span> <span class='ocrx_word' id='word_1_211' title='bbox 817 1204 896 1260; x_wconf 85' lang='grc' dir='ltr'><strong><em>μὲν</em></strong></span> <span class='ocrx_word' id='word_1_212' title='bbox 928 1200 1093 1262; x_wconf 75' lang='grc' dir='ltr'><strong><em>ἀπαθῆ</em></strong></span> <span class='ocrx_word' id='word_1_213' title='bbox 1118 1205 1153 1247; x_wconf 95' lang='grc' dir='ltr'>Β</span> <span class='ocrx_word' id='word_1_214' title='bbox 1176 1206 1190 1259; x_wconf 81' lang='grc' dir='ltr'><strong><em>ΙΙ</em></strong></span> <span class='ocrx_word' id='word_1_215' title='bbox 1214 1203 1380 1260; x_wconf 71' lang='grc' dir='ltr'><strong><em>ἔκρινεν</em></strong></span> <span class='ocrx_word' id='word_1_216' title='bbox 1410 1217 1440 1244; x_wconf 88' lang='grc' dir='ltr'><strong><em>α</em></strong></span> <span class='ocrx_word' id='word_1_217' title='bbox 1462 1217 1472 1245; x_wconf 91' lang='lat'>:</span> <span class='ocrx_word' id='word_1_218' title='bbox 1495 1201 1711 1257; x_wconf 85' lang='grc' dir='ltr'><strong><em>ἐνέκρινεν</em></strong></span> 
     </span>
     <span class='ocr_line' id='line_1_17' title="bbox 167 1267 1710 1329; baseline -0.001 -15"><span class='ocrx_word' id='word_1_219' title='bbox 167 1271 203 1314; x_wconf 93' lang='grc' dir='ltr'>Β</span> <span class='ocrx_word' id='word_1_220' title='bbox 226 1270 241 1326; x_wconf 74' lang='grc' dir='ltr'><strong><em>ΙΙ</em></strong></span> <span class='ocrx_word' id='word_1_221' title='bbox 265 1273 317 1314; x_wconf 89' lang='grc'><strong><em>37</em></strong></span> <span class='ocrx_word' id='word_1_222' title='bbox 348 1270 466 1325; x_wconf 85' lang='grc' dir='ltr'><strong><em>πρὸς</em></strong></span> <span class='ocrx_word' id='word_1_223' title='bbox 498 1267 631 1315; x_wconf 71' lang='grc' dir='ltr'><strong><em>αὐτὸν</em></strong></span> <span class='ocrx_word' id='word_1_224' title='bbox 662 1286 691 1313; x_wconf 88' lang='grc' dir='ltr'><strong><em>α</em></strong></span> <span class='ocrx_word' id='word_1_225' title='bbox 722 1287 732 1315; x_wconf 93' lang='lat'><strong>:</strong></span> <span class='ocrx_word' id='word_1_226' title='bbox 764 1268 840 1316; x_wconf 74' lang='grc' dir='ltr'><strong><em>ἐπ’</em></strong></span> <span class='ocrx_word' id='word_1_227' title='bbox 878 1269 1012 1316; x_wconf 78' lang='grc' dir='ltr'><strong><em>αὐτὸν</em></strong></span> <span class='ocrx_word' id='word_1_228' title='bbox 1043 1275 1077 1317; x_wconf 95' lang='grc' dir='ltr'>Β</span> <span class='ocrx_word' id='word_1_229' title='bbox 1110 1273 1124 1329; x_wconf 82' lang='grc' dir='ltr'><strong><em>ΙΙ</em></strong></span> <span class='ocrx_word' id='word_1_230' title='bbox 1156 1277 1205 1316; x_wconf 88' lang='grc'><strong><em>51</em></strong></span> <span class='ocrx_word' id='word_1_231' title='bbox 1240 1273 1426 1327; x_wconf 88' lang='grc' dir='ltr'><strong><em>με’λαντι</em></strong></span> <span class='ocrx_word' id='word_1_232' title='bbox 1456 1271 1521 1325; x_wconf 89' lang='lat' dir='ltr'>(it.</span> <span class='ocrx_word' id='word_1_233' title='bbox 1547 1274 1615 1322; x_wconf 88' lang='lat'><strong><em>55)</em></strong></span> <span class='ocrx_word' id='word_1_234' title='bbox 1648 1284 1710 1312; x_wconf 81' lang='lat' dir='ltr'><strong><em>a:</em></strong></span> 
     </span>
     <span class='ocr_line' id='line_1_18' title="bbox 168 1338 1712 1398; baseline -0.001 -17"><span class='ocrx_word' id='word_1_235' title='bbox 168 1338 360 1396; x_wconf 83' lang='grc' dir='ltr'><strong><em>μελάντη</em></strong></span> <span class='ocrx_word' id='word_1_236' title='bbox 394 1341 437 1390; x_wconf 89' lang='lat' dir='ltr'><strong><em>(i.</em></strong></span> <span class='ocrx_word' id='word_1_237' title='bbox 460 1354 498 1384; x_wconf 80' lang='lat' dir='ltr'><strong><em>e.</em></strong></span> <span class='ocrx_word' id='word_1_238' title='bbox 520 1340 752 1398; x_wconf 83' lang='grc' dir='ltr'><strong><em>Μελάντῃ)</em></strong></span> <span class='ocrx_word' id='word_1_239' title='bbox 783 1343 817 1385; x_wconf 95' lang='grc' dir='ltr'>Β</span> <span class='ocrx_word' id='word_1_240' title='bbox 840 1341 855 1397; x_wconf 83' lang='grc' dir='ltr'><strong><em>ΙΙ</em></strong></span> <span class='ocrx_word' id='word_1_241' title='bbox 877 1343 1058 1397; x_wconf 84' lang='grc' dir='ltr'><strong><em>πρῶτον</em></strong></span> <span class='ocrx_word' id='word_1_242' title='bbox 1087 1341 1168 1396; x_wconf 82' lang='grc' dir='ltr'><strong><em>μὲν</em></strong></span> <span class='ocrx_word' id='word_1_243' title='bbox 1199 1356 1282 1386; x_wconf 87' lang='lat' dir='ltr'><strong><em>om.</em></strong></span> <span class='ocrx_word' id='word_1_244' title='bbox 1313 1340 1510 1385; x_wconf 83' lang='lat' dir='ltr'>DGSUV</span> <span class='ocrx_word' id='word_1_245' title='bbox 1543 1354 1553 1382; x_wconf 76' lang='lat' dir='ltr'>t</span> <span class='ocrx_word' id='word_1_246' title='bbox 1586 1340 1712 1393; x_wconf 82' lang='grc' dir='ltr'><strong><em>πρῶ-</em></strong></span> 
     </span>
     <span class='ocr_line' id='line_1_19' title="bbox 168 1407 1711 1465; baseline 0 -16"><span class='ocrx_word' id='word_1_247' title='bbox 168 1423 246 1449; x_wconf 90' lang='grc' dir='ltr'><strong><em>τον</em></strong></span> <span class='ocrx_word' id='word_1_248' title='bbox 283 1407 363 1461; x_wconf 85' lang='grc' dir='ltr'><strong><em>μὲν</em></strong></span> <span class='ocrx_word' id='word_1_249' title='bbox 400 1408 622 1463; x_wconf 82' lang='grc' dir='ltr'><strong><em>βούλομαι</em></strong></span> <span class='ocrx_word' id='word_1_250' title='bbox 658 1413 872 1465; x_wconf 75' lang='grc' dir='ltr'><strong><em>γενέσθαι</em></strong></span> <span class='ocrx_word' id='word_1_251' title='bbox 902 1412 937 1454; x_wconf 92' lang='grc' dir='ltr'>Β</span> <span class='ocrx_word' id='word_1_252' title='bbox 977 1412 1174 1465; x_wconf 78' lang='grc' dir='ltr'><strong><em>(πρῶτον</em></strong></span> <span class='ocrx_word' id='word_1_253' title='bbox 1209 1410 1289 1464; x_wconf 81' lang='grc' dir='ltr'><strong><em>μὲν</em></strong></span> <span class='ocrx_word' id='word_1_254' title='bbox 1319 1410 1562 1463; x_wconf 83' lang='lat' dir='ltr'>Menagius)</span> <span class='ocrx_word' id='word_1_255' title='bbox 1584 1408 1597 1460; x_wconf 80' lang='grc' dir='ltr'><strong><em>ΙΙ</em></strong></span> <span class='ocrx_word' id='word_1_256' title='bbox 1618 1411 1711 1460; x_wconf 86' lang='grc' dir='ltr'><strong><em>χεί-</em></strong></span> 
     </span>
     <span class='ocr_line' id='line_1_20' title="bbox 169 1470 1711 1535; baseline -0.001 -18"><span class='ocrx_word' id='word_1_257' title='bbox 169 1491 267 1531; x_wconf 89' lang='grc' dir='ltr'><strong><em>ρονι</em></strong></span> <span class='ocrx_word' id='word_1_258' title='bbox 296 1488 326 1515; x_wconf 89' lang='grc' dir='ltr'><strong><em>α</em></strong></span> <span class='ocrx_word' id='word_1_259' title='bbox 358 1489 368 1517; x_wconf 89' lang='lat'>:</span> <span class='ocrx_word' id='word_1_260' title='bbox 396 1485 542 1532; x_wconf 88' lang='grc' dir='ltr'><strong><em>χεῖρον</em></strong></span> <span class='ocrx_word' id='word_1_261' title='bbox 565 1470 592 1535; x_wconf 83' lang='grc' dir='ltr'><em>ἢ</em></span> <span class='ocrx_word' id='word_1_262' title='bbox 613 1478 648 1520; x_wconf 95' lang='grc' dir='ltr'>Β</span> <span class='ocrx_word' id='word_1_263' title='bbox 671 1476 686 1532; x_wconf 79' lang='grc' dir='ltr'><strong><em>ΙΙ</em></strong></span> <span class='ocrx_word' id='word_1_264' title='bbox 709 1482 762 1522; x_wconf 89' lang='grc'><strong><em>53</em></strong></span> <span class='ocrx_word' id='word_1_265' title='bbox 793 1478 1044 1529; x_wconf 82' lang='grc' dir='ltr'><strong><em>καλλίνικος</em></strong></span> <span class='ocrx_word' id='word_1_266' title='bbox 1074 1492 1103 1519; x_wconf 88' lang='grc' dir='ltr'><strong><em>α</em></strong></span> <span class='ocrx_word' id='word_1_267' title='bbox 1134 1492 1144 1520; x_wconf 88' lang='lat'>:</span> <span class='ocrx_word' id='word_1_268' title='bbox 1174 1478 1380 1527; x_wconf 84' lang='grc' dir='ltr'><strong><em>καλλίνος</em></strong></span> <span class='ocrx_word' id='word_1_269' title='bbox 1402 1478 1437 1519; x_wconf 91' lang='grc' dir='ltr'>Β</span> <span class='ocrx_word' id='word_1_270' title='bbox 1459 1476 1711 1525; x_wconf 84' lang='grc' dir='ltr'><strong><em>(Καλλῖνος.</em></strong></span> 
     </span>
     <span class='ocr_line' id='line_1_21' title="bbox 165 1541 1714 1601; baseline -0.001 -13"><span class='ocrx_word' id='word_1_271' title='bbox 165 1544 218 1588; x_wconf 81' lang='lat' dir='ltr'><strong><em>cf.</em></strong></span> <span class='ocrx_word' id='word_1_272' title='bbox 242 1546 291 1595; x_wconf 58' lang='grc' dir='ltr'><strong><em>ἓξ</em></strong></span> <span class='ocrx_word' id='word_1_273' title='bbox 313 1547 366 1587; x_wconf 87' lang='grc'><strong><em>55</em></strong></span> <span class='ocrx_word' id='word_1_274' title='bbox 388 1549 430 1588; x_wconf 86' lang='lat' dir='ltr'><strong><em>et</em></strong></span> <span class='ocrx_word' id='word_1_275' title='bbox 452 1546 525 1599; x_wconf 85' lang='lat'><strong><em>56)</em></strong></span> <span class='ocrx_word' id='word_1_276' title='bbox 556 1545 571 1601; x_wconf 80' lang='grc' dir='ltr'><strong><em>ΙΙ</em></strong></span> <span class='ocrx_word' id='word_1_277' title='bbox 602 1550 654 1589; x_wconf 88' lang='grc'><strong><em>57</em></strong></span> <span class='ocrx_word' id='word_1_278' title='bbox 688 1541 917 1601; x_wconf 80' lang='grc' dir='ltr'><strong><em>εὖωνύμας</em></strong></span> <span class='ocrx_word' id='word_1_279' title='bbox 946 1561 976 1588; x_wconf 84' lang='grc' dir='ltr'><strong><em>α</em></strong></span> <span class='ocrx_word' id='word_1_280' title='bbox 1008 1562 1018 1589; x_wconf 88' lang='lat'>:</span> <span class='ocrx_word' id='word_1_281' title='bbox 1049 1541 1298 1600; x_wconf 79' lang='grc' dir='ltr'><strong><em>εὖωνυμεὺς</em></strong></span> <span class='ocrx_word' id='word_1_282' title='bbox 1329 1546 1363 1588; x_wconf 92' lang='grc' dir='ltr'>Β</span> <span class='ocrx_word' id='word_1_283' title='bbox 1396 1544 1411 1600; x_wconf 85' lang='grc' dir='ltr'><strong><em>ΙΙ</em></strong></span> <span class='ocrx_word' id='word_1_284' title='bbox 1444 1547 1497 1588; x_wconf 92' lang='grc'>58</span> <span class='ocrx_word' id='word_1_285' title='bbox 1541 1544 1714 1588; x_wconf 88' lang='grc' dir='ltr'><strong><em>δικαιο-</em></strong></span> 
     </span>
     <span class='ocr_line' id='line_1_22' title="bbox 166 1611 1712 1672; baseline 0 -18"><span class='ocrx_word' id='word_1_286' title='bbox 166 1611 299 1668; x_wconf 86' lang='grc' dir='ltr'><strong><em>σύνης</em></strong></span> <span class='ocrx_word' id='word_1_287' title='bbox 329 1626 358 1652; x_wconf 89' lang='grc' dir='ltr'><strong><em>α</em></strong></span> <span class='ocrx_word' id='word_1_288' title='bbox 391 1627 401 1654; x_wconf 91' lang='lat'><strong>:</strong></span> <span class='ocrx_word' id='word_1_289' title='bbox 433 1612 715 1672; x_wconf 81' lang='grc' dir='ltr'><strong><em>δικαιοσύνης</em></strong></span> <span class='ocrx_word' id='word_1_290' title='bbox 735 1618 839 1671; x_wconf 88' lang='grc' dir='ltr'><strong><em>τρία</em></strong></span> <span class='ocrx_word' id='word_1_291' title='bbox 860 1617 895 1658; x_wconf 91' lang='grc' dir='ltr'>Β</span> <span class='ocrx_word' id='word_1_292' title='bbox 918 1616 932 1669; x_wconf 80' lang='grc' dir='ltr'><strong><em>ΙΙ</em></strong></span> <span class='ocrx_word' id='word_1_293' title='bbox 957 1619 1009 1659; x_wconf 90' lang='grc'>59</span> <span class='ocrx_word' id='word_1_294' title='bbox 1040 1616 1282 1671; x_wconf 83' lang='grc' dir='ltr'><strong><em>μηχανικῆς</em></strong></span> <span class='ocrx_word' id='word_1_295' title='bbox 1314 1628 1343 1654; x_wconf 88' lang='grc' dir='ltr'><strong><em>α</em></strong></span> <span class='ocrx_word' id='word_1_296' title='bbox 1374 1628 1384 1655; x_wconf 87' lang='lat'>:</span> <span class='ocrx_word' id='word_1_297' title='bbox 1415 1611 1655 1670; x_wconf 88' lang='grc' dir='ltr'><strong><em>μηχανικόν</em></strong></span> <span class='ocrx_word' id='word_1_298' title='bbox 1679 1612 1712 1653; x_wconf 86' lang='grc' dir='ltr'>Β</span> 
     </span>
     <span class='ocr_line' id='line_1_23' title="bbox 164 1677 1711 1740; baseline -0.001 -17"><span class='ocrx_word' id='word_1_299' title='bbox 164 1680 435 1738; x_wconf 77' lang='grc' dir='ltr'><strong><em>(μηχανικῶν</em></strong></span> <span class='ocrx_word' id='word_1_300' title='bbox 455 1695 540 1726; x_wconf 84' lang='lat' dir='ltr'>rec.</span> <span class='ocrx_word' id='word_1_301' title='bbox 562 1684 661 1727; x_wconf 87' lang='lat' dir='ltr'>libri</span> <span class='ocrx_word' id='word_1_302' title='bbox 682 1683 738 1727; x_wconf 83' lang='lat' dir='ltr'><strong><em>dc</em></strong></span> <span class='ocrx_word' id='word_1_303' title='bbox 758 1685 884 1735; x_wconf 88' lang='lat' dir='ltr'>coni.)</span> <span class='ocrx_word' id='word_1_304' title='bbox 907 1683 923 1740; x_wconf 79' lang='lat' dir='ltr'>ss</span> <span class='ocrx_word' id='word_1_305' title='bbox 945 1686 998 1728; x_wconf 88' lang='grc'><strong><em>60</em></strong></span> <span class='ocrx_word' id='word_1_306' title='bbox 1030 1679 1199 1739; x_wconf 75' lang='grc' dir='ltr'><strong><em>ἤσθετο</em></strong></span> <span class='ocrx_word' id='word_1_307' title='bbox 1230 1681 1435 1725; x_wconf 73' lang='grc' dir='ltr'><strong><em>θανάτου</em></strong></span> <span class='ocrx_word' id='word_1_308' title='bbox 1458 1697 1487 1723; x_wconf 90' lang='grc' dir='ltr'><strong><em>α</em></strong></span> <span class='ocrx_word' id='word_1_309' title='bbox 1509 1697 1519 1725; x_wconf 88' lang='lat'>:</span> <span class='ocrx_word' id='word_1_310' title='bbox 1540 1677 1711 1739; x_wconf 74' lang='grc' dir='ltr'><strong><em>ἤσθετο</em></strong></span> 
     </span>
     <span class='ocr_line' id='line_1_24' title="bbox 164 1745 1712 1811; baseline -0.001 -19"><span class='ocrx_word' id='word_1_311' title='bbox 164 1751 209 1800; x_wconf 90' lang='lat' dir='ltr'><strong><em>(i.</em></strong></span> <span class='ocrx_word' id='word_1_312' title='bbox 225 1763 261 1793; x_wconf 82' lang='lat' dir='ltr'><strong><em>e.</em></strong></span> <span class='ocrx_word' id='word_1_313' title='bbox 278 1745 465 1806; x_wconf 76' lang='grc' dir='ltr'><strong><em>ᾔσθετο)</em></strong></span> <span class='ocrx_word' id='word_1_314' title='bbox 482 1751 516 1792; x_wconf 94' lang='grc' dir='ltr'>Β</span> <span class='ocrx_word' id='word_1_315' title='bbox 540 1749 554 1805; x_wconf 82' lang='grc' dir='ltr'><strong><em>ΙΙ</em></strong></span> <span class='ocrx_word' id='word_1_316' title='bbox 578 1754 631 1794; x_wconf 91' lang='grc'><strong><em>63</em></strong></span> <span class='ocrx_word' id='word_1_317' title='bbox 651 1751 798 1807; x_wconf 80' lang='grc' dir='ltr'><strong><em>ἱραίου</em></strong></span> <span class='ocrx_word' id='word_1_318' title='bbox 820 1766 849 1792; x_wconf 87' lang='grc' dir='ltr'><strong><em>α</em></strong></span> <span class='ocrx_word' id='word_1_319' title='bbox 866 1767 876 1794; x_wconf 89' lang='lat'>:</span> <span class='ocrx_word' id='word_1_320' title='bbox 892 1749 1051 1806; x_wconf 81' lang='grc' dir='ltr'><strong><em>ἡραίου</em></strong></span> <span class='ocrx_word' id='word_1_321' title='bbox 1068 1753 1102 1795; x_wconf 94' lang='grc' dir='ltr'>Β</span> <span class='ocrx_word' id='word_1_322' title='bbox 1120 1751 1521 1811; x_wconf 75' lang='lat' dir='ltr'>(cf.Fick-Bechtcl.</span> <span class='ocrx_word' id='word_1_323' title='bbox 1542 1749 1712 1791; x_wconf 76' lang='lat' dir='ltr'><strong><em>Grieclz.</em></strong></span> 
     </span>
     <span class='ocr_line' id='line_1_25' title="bbox 165 1815 1712 1874; baseline 0.001 -16"><span class='ocrx_word' id='word_1_324' title='bbox 165 1816 529 1859; x_wconf 78' lang='lat' dir='ltr'><strong><em>Personennamen</em></strong></span> <span class='ocrx_word' id='word_1_325' title='bbox 558 1833 629 1874; x_wconf 84' lang='lat' dir='ltr'><strong><em>pg.</em></strong></span> <span class='ocrx_word' id='word_1_326' title='bbox 656 1823 735 1862; x_wconf 87' lang='grc'><strong><em>136</em></strong></span> <span class='ocrx_word' id='word_1_327' title='bbox 768 1825 810 1864; x_wconf 86' lang='lat' dir='ltr'><strong><em>et</em></strong></span> <span class='ocrx_word' id='word_1_328' title='bbox 843 1819 884 1862; x_wconf 86' lang='lat' dir='ltr'><strong><em>C.</em></strong></span> <span class='ocrx_word' id='word_1_329' title='bbox 913 1820 948 1863; x_wconf 92' lang='lat' dir='ltr'><strong><em>I.</em></strong></span> <span class='ocrx_word' id='word_1_330' title='bbox 976 1818 1026 1864; x_wconf 81' lang='lat' dir='ltr'><strong><em>G.</em></strong></span> <span class='ocrx_word' id='word_1_331' title='bbox 1057 1835 1118 1864; x_wconf 89' lang='lat' dir='ltr'><strong><em>nr.</em></strong></span> <span class='ocrx_word' id='word_1_332' title='bbox 1143 1822 1253 1863; x_wconf 86' lang='grc'><strong>2322</strong></span> <span class='ocrx_word' id='word_1_333' title='bbox 1271 1821 1362 1863; x_wconf 76' lang='lat' dir='ltr'><strong>b77.</strong></span> <span class='ocrx_word' id='word_1_334' title='bbox 1396 1822 1519 1862; x_wconf 84' lang='lat'><strong>3142.</strong></span> <span class='ocrx_word' id='word_1_335' title='bbox 1553 1820 1679 1867; x_wconf 87' lang='grc'>6940)</span> <span class='ocrx_word' id='word_1_336' title='bbox 1701 1815 1712 1872; x_wconf 71' lang='grc' dir='ltr'><strong>Η</strong></span> 
     </span>
     <span class='ocr_line' id='line_1_26' title="bbox 165 1882 1708 1944; baseline 0.001 -17"><span class='ocrx_word' id='word_1_337' title='bbox 165 1889 219 1928; x_wconf 89' lang='grc'><strong><em>64</em></strong></span> <span class='ocrx_word' id='word_1_338' title='bbox 250 1882 273 1927; x_wconf 82' lang='grc' dir='ltr'>ὅ</span> <span class='ocrx_word' id='word_1_339' title='bbox 307 1884 468 1936; x_wconf 85' lang='grc' dir='ltr'><strong><em>οἰκεῖος</em></strong></span> <span class='ocrx_word' id='word_1_340' title='bbox 497 1900 526 1926; x_wconf 86' lang='grc' dir='ltr'><strong><em>α</em></strong></span> <span class='ocrx_word' id='word_1_341' title='bbox 555 1901 566 1928; x_wconf 92' lang='lat'><strong>:</strong></span> <span class='ocrx_word' id='word_1_342' title='bbox 596 1883 620 1929; x_wconf 79' lang='grc' dir='ltr'>ὅ</span> <span class='ocrx_word' id='word_1_343' title='bbox 652 1896 769 1937; x_wconf 87' lang='grc' dir='ltr'><strong><em>κεῖος</em></strong></span> <span class='ocrx_word' id='word_1_344' title='bbox 798 1889 833 1931; x_wconf 94' lang='grc' dir='ltr'>Β</span> <span class='ocrx_word' id='word_1_345' title='bbox 856 1887 871 1944; x_wconf 81' lang='grc' dir='ltr'><strong><em>ΙΙ</em></strong></span> <span class='ocrx_word' id='word_1_346' title='bbox 894 1891 947 1931; x_wconf 92' lang='grc'><strong><em>67</em></strong></span> <span class='ocrx_word' id='word_1_347' title='bbox 980 1888 1099 1931; x_wconf 79' lang='grc' dir='ltr'><strong><em>ἰ’λεια</em></strong></span> <span class='ocrx_word' id='word_1_348' title='bbox 1128 1902 1157 1928; x_wconf 89' lang='grc' dir='ltr'><strong><em>α</em></strong></span> <span class='ocrx_word' id='word_1_349' title='bbox 1179 1903 1189 1930; x_wconf 91' lang='lat'>:</span> <span class='ocrx_word' id='word_1_350' title='bbox 1211 1882 1339 1944; x_wconf 70' lang='grc' dir='ltr'><strong><em>ἦλεία</em></strong></span> <span class='ocrx_word' id='word_1_351' title='bbox 1365 1888 1400 1929; x_wconf 96' lang='grc' dir='ltr'>Β</span> <span class='ocrx_word' id='word_1_352' title='bbox 1428 1882 1595 1940; x_wconf 81' lang='grc' dir='ltr'><strong><em>(Ἰλίεια</em></strong></span> <span class='ocrx_word' id='word_1_353' title='bbox 1627 1899 1708 1929; x_wconf 84' lang='lat' dir='ltr'><strong><em>cm.</em></strong></span> 
     </span>
     <span class='ocr_line' id='line_1_27' title="bbox 165 1953 1711 2013; baseline -0.001 -16"><span class='ocrx_word' id='word_1_354' title='bbox 165 1953 383 1998; x_wconf 84' lang='lat' dir='ltr'>Bentlcius</span> <span class='ocrx_word' id='word_1_355' title='bbox 409 1953 556 2009; x_wconf 79' lang='lat' dir='ltr'>Opusc,</span> <span class='ocrx_word' id='word_1_356' title='bbox 586 1970 656 2011; x_wconf 87' lang='lat' dir='ltr'><strong><em>pg.</em></strong></span> <span class='ocrx_word' id='word_1_357' title='bbox 693 1959 771 2000; x_wconf 89' lang='grc'><strong><em>179</em></strong></span> <span class='ocrx_word' id='word_1_358' title='bbox 802 1956 869 2000; x_wconf 86' lang='lat' dir='ltr'><strong><em>ed.</em></strong></span> <span class='ocrx_word' id='word_1_359' title='bbox 899 1956 1147 2012; x_wconf 72' lang='lat' dir='ltr'>Lips.)1168</span> <span class='ocrx_word' id='word_1_360' title='bbox 1181 1955 1431 2013; x_wconf 79' lang='grc' dir='ltr'><strong><em>ποδαλγικῆ</em></strong></span> <span class='ocrx_word' id='word_1_361' title='bbox 1460 1969 1490 1996; x_wconf 87' lang='grc' dir='ltr'><strong><em>α</em></strong></span> <span class='ocrx_word' id='word_1_362' title='bbox 1523 1970 1532 1997; x_wconf 93' lang='lat'>:</span> <span class='ocrx_word' id='word_1_363' title='bbox 1564 1953 1711 1997; x_wconf 80' lang='grc' dir='ltr'><strong><em>ποδα-</em></strong></span> 
     </span>
     <span class='ocr_line' id='line_1_28' title="bbox 163 2022 1709 2081; baseline -0.001 -16"><span class='ocrx_word' id='word_1_364' title='bbox 163 2023 289 2079; x_wconf 89' lang='grc' dir='ltr'><strong><em>γρικῆ</em></strong></span> <span class='ocrx_word' id='word_1_365' title='bbox 321 2024 363 2073; x_wconf 91' lang='lat' dir='ltr'><strong><em>(i.</em></strong></span> <span class='ocrx_word' id='word_1_366' title='bbox 385 2037 421 2066; x_wconf 86' lang='lat' dir='ltr'><strong><em>c.</em></strong></span> <span class='ocrx_word' id='word_1_367' title='bbox 453 2022 719 2081; x_wconf 75' lang='grc' dir='ltr'><strong><em>ποδαγρικῇ)</em></strong></span> <span class='ocrx_word' id='word_1_368' title='bbox 750 2025 784 2066; x_wconf 95' lang='grc' dir='ltr'>Β</span> <span class='ocrx_word' id='word_1_369' title='bbox 808 2022 823 2079; x_wconf 86' lang='grc' dir='ltr'><strong><em>ΙΙ</em></strong></span> <span class='ocrx_word' id='word_1_370' title='bbox 847 2027 895 2066; x_wconf 91' lang='grc'><strong><em>71</em></strong></span> <span class='ocrx_word' id='word_1_371' title='bbox 932 2022 1213 2079; x_wconf 82' lang='grc' dir='ltr'><strong><em>ἐπιβλεπέτω</em></strong></span> <span class='ocrx_word' id='word_1_372' title='bbox 1245 2038 1274 2064; x_wconf 87' lang='grc' dir='ltr'><strong><em>α</em></strong></span> <span class='ocrx_word' id='word_1_373' title='bbox 1296 2039 1306 2066; x_wconf 80' lang='lat' dir='ltr'>t</span> <span class='ocrx_word' id='word_1_374' title='bbox 1328 2038 1410 2068; x_wconf 92' lang='lat' dir='ltr'><strong><em>om.</em></strong></span> <span class='ocrx_word' id='word_1_375' title='bbox 1443 2025 1478 2066; x_wconf 93' lang='lat' dir='ltr'><strong>B</strong></span> <span class='ocrx_word' id='word_1_376' title='bbox 1511 2022 1709 2078; x_wconf 84' lang='grc' dir='ltr'><strong><em>(ἐπιβλε-</em></strong></span> 
     </span>
     <span class='ocr_line' id='line_1_29' title="bbox 163 2081 1617 2149; baseline 0.002 -17"><span class='ocrx_word' id='word_1_377' title='bbox 163 2089 299 2146; x_wconf 67' lang='grc' dir='ltr'><strong><em>ψάτω</em></strong></span> <span class='ocrx_word' id='word_1_378' title='bbox 330 2091 418 2142; x_wconf 87' lang='lat' dir='ltr'><strong><em>PL)</em></strong></span> <span class='ocrx_word' id='word_1_379' title='bbox 439 2089 454 2146; x_wconf 76' lang='grc' dir='ltr'><strong><em>ιι</em></strong></span> <span class='ocrx_word' id='word_1_380' title='bbox 478 2092 531 2133; x_wconf 87' lang='lat'><strong><em>82</em></strong></span> <span class='ocrx_word' id='word_1_381' title='bbox 562 2088 666 2134; x_wconf 69' lang='grc' dir='ltr'><strong><em>ὅλον</em></strong></span> <span class='ocrx_word' id='word_1_382' title='bbox 696 2081 772 2134; x_wconf 66' lang='grc' dir='ltr'><strong><em>οὖν</em></strong></span> <span class='ocrx_word' id='word_1_383' title='bbox 804 2105 833 2132; x_wconf 82' lang='grc' dir='ltr'><strong><em>α</em></strong></span> <span class='ocrx_word' id='word_1_384' title='bbox 856 2106 865 2134; x_wconf 72' lang='lat'>2</span> <span class='ocrx_word' id='word_1_385' title='bbox 888 2086 976 2134; x_wconf 67' lang='grc' dir='ltr'><strong><em>ἕλω</em></strong></span> <span class='ocrx_word' id='word_1_386' title='bbox 1007 2093 1110 2149; x_wconf 68' lang='grc' dir='ltr'><strong><em>γοῦν</em></strong></span> <span class='ocrx_word' id='word_1_387' title='bbox 1141 2094 1184 2145; x_wconf 88' lang='lat' dir='ltr'><strong><em>(i.</em></strong></span> <span class='ocrx_word' id='word_1_388' title='bbox 1208 2107 1245 2137; x_wconf 78' lang='lat' dir='ltr'><strong><em>e.</em></strong></span> <span class='ocrx_word' id='word_1_389' title='bbox 1278 2087 1367 2149; x_wconf 70' lang='grc' dir='ltr'><strong><em>ὅλῳ</em></strong></span> <span class='ocrx_word' id='word_1_390' title='bbox 1398 2094 1453 2148; x_wconf 68' lang='lat' dir='ltr'><strong><em>y.)</em></strong></span> <span class='ocrx_word' id='word_1_391' title='bbox 1484 2093 1531 2135; x_wconf 88' lang='lat' dir='ltr'><strong><em>B.</em></strong></span> <span class='ocrx_word' id='word_1_392' title='bbox 1562 2116 1617 2121; x_wconf 93' lang='lat'><strong>—</strong></span> 
     </span>
     <span class='ocr_line' id='line_1_30' title="bbox 278 2160 1711 2217; baseline 0.001 -14"><span class='ocrx_word' id='word_1_393' title='bbox 278 2160 453 2204; x_wconf 81' lang='lat' dir='ltr'><strong>Addere</strong></span> <span class='ocrx_word' id='word_1_394' title='bbox 491 2174 666 2215; x_wconf 87' lang='lat' dir='ltr'>possum</span> <span class='ocrx_word' id='word_1_395' title='bbox 698 2161 871 2205; x_wconf 81' lang='lat' dir='ltr'>codices</span> <span class='ocrx_word' id='word_1_396' title='bbox 902 2162 1053 2206; x_wconf 87' lang='lat' dir='ltr'>classis</span> <span class='ocrx_word' id='word_1_397' title='bbox 1087 2179 1114 2204; x_wconf 90' lang='grc' dir='ltr'><strong><em>α</em></strong></span> <span class='ocrx_word' id='word_1_398' title='bbox 1152 2164 1352 2217; x_wconf 82' lang='lat' dir='ltr'>(excepto</span> <span class='ocrx_word' id='word_1_399' title='bbox 1385 2162 1535 2205; x_wconf 85' lang='lat' dir='ltr'>codice</span> <span class='ocrx_word' id='word_1_400' title='bbox 1567 2160 1603 2204; x_wconf 93' lang='grc' dir='ltr'><strong>Ο</strong></span> <span class='ocrx_word' id='word_1_401' title='bbox 1636 2162 1711 2215; x_wconf 89' lang='lat' dir='ltr'><strong><em>qui</em></strong></span> 
     </span>
     <span class='ocr_line' id='line_1_31' title="bbox 165 2228 1711 2286; baseline 0.001 -14"><span class='ocrx_word' id='word_1_402' title='bbox 165 2241 263 2273; x_wconf 89' lang='lat' dir='ltr'><strong><em>cum</em></strong></span> <span class='ocrx_word' id='word_1_403' title='bbox 292 2242 320 2272; x_wconf 86' lang='lat' dir='ltr'>a</span> <span class='ocrx_word' id='word_1_404' title='bbox 349 2228 516 2271; x_wconf 86' lang='lat' dir='ltr'><strong>l.1174</strong></span> <span class='ocrx_word' id='word_1_405' title='bbox 548 2229 747 2286; x_wconf 80' lang='lat' dir='ltr'>incipiat,</span> <span class='ocrx_word' id='word_1_406' title='bbox 788 2229 911 2274; x_wconf 87' lang='lat' dir='ltr'>titulo</span> <span class='ocrx_word' id='word_1_407' title='bbox 942 2230 1115 2274; x_wconf 90' lang='lat' dir='ltr'>omnino</span> <span class='ocrx_word' id='word_1_408' title='bbox 1146 2234 1277 2279; x_wconf 82' lang='lat' dir='ltr'>caret)</span> <span class='ocrx_word' id='word_1_409' title='bbox 1310 2230 1463 2274; x_wconf 83' lang='lat' dir='ltr'>eadem</span> <span class='ocrx_word' id='word_1_410' title='bbox 1496 2254 1549 2259; x_wconf 87' lang='lat'>—</span> <span class='ocrx_word' id='word_1_411' title='bbox 1581 2234 1711 2286; x_wconf 82' lang='lat' dir='ltr'>atquc</span> 
     </span>
     <span class='ocr_line' id='line_1_32' title="bbox 165 2298 1714 2355; baseline 0.001 -15"><span class='ocrx_word' id='word_1_412' title='bbox 165 2310 218 2341; x_wconf 82' lang='lat' dir='ltr'><strong><em>ea</em></strong></span> <span class='ocrx_word' id='word_1_413' title='bbox 237 2298 445 2341; x_wconf 83' lang='lat' dir='ltr'>mendosa</span> <span class='ocrx_word' id='word_1_414' title='bbox 467 2322 523 2327; x_wconf 93' lang='lat'>—</span> <span class='ocrx_word' id='word_1_415' title='bbox 543 2298 821 2353; x_wconf 83' lang='lat' dir='ltr'>inscriptione</span> <span class='ocrx_word' id='word_1_416' title='bbox 843 2300 1070 2344; x_wconf 90' lang='lat' dir='ltr'>instructos</span> <span class='ocrx_word' id='word_1_417' title='bbox 1092 2314 1208 2344; x_wconf 79' lang='lat' dir='ltr'>esse:</span> <span class='ocrx_word' id='word_1_418' title='bbox 1230 2303 1464 2353; x_wconf 83' lang='grc' dir='ltr'><strong><em>Λαερτίου</em></strong></span> <span class='ocrx_word' id='word_1_419' title='bbox 1487 2299 1714 2355; x_wconf 79' lang='grc' dir='ltr'><strong><em>ὁιογένους</em></strong></span> 
     </span>
     <span class='ocr_line' id='line_1_33' title="bbox 163 2364 1713 2427; baseline 0.003 -21"><span class='ocrx_word' id='word_1_420' title='bbox 163 2366 276 2419; x_wconf 83' lang='grc' dir='ltr'><strong><em>βίων</em></strong></span> <span class='ocrx_word' id='word_1_421' title='bbox 308 2365 381 2407; x_wconf 84' lang='grc' dir='ltr'><strong><em>καὶ</em></strong></span> <span class='ocrx_word' id='word_1_422' title='bbox 411 2366 598 2421; x_wconf 81' lang='grc' dir='ltr'><strong><em>γνωμῶν</em></strong></span> <span class='ocrx_word' id='word_1_423' title='bbox 628 2367 717 2409; x_wconf 81' lang='grc' dir='ltr'><strong><em>τῶν</em></strong></span> <span class='ocrx_word' id='word_1_424' title='bbox 749 2365 794 2410; x_wconf 88' lang='grc' dir='ltr'><strong><em>ἐν</em></strong></span> <span class='ocrx_word' id='word_1_425' title='bbox 816 2368 1071 2425; x_wconf 84' lang='grc' dir='ltr'><strong><em>φιλοσοφία</em></strong></span> <span class='ocrx_word' id='word_1_426' title='bbox 1103 2364 1489 2427; x_wconf 72' lang='grc' dir='ltr'><strong><em>εὐδοκιμησάντων</em></strong></span> <span class='ocrx_word' id='word_1_427' title='bbox 1519 2370 1592 2411; x_wconf 84' lang='grc' dir='ltr'><strong><em>καὶ</em></strong></span> <span class='ocrx_word' id='word_1_428' title='bbox 1624 2369 1713 2410; x_wconf 79' lang='grc' dir='ltr'><strong><em>τῶν</em></strong></span> 
     </span>
     <span class='ocr_line' id='line_1_34' title="bbox 166 2430 1712 2494; baseline 0.005 -20"><span class='ocrx_word' id='word_1_429' title='bbox 166 2430 221 2475; x_wconf 90' lang='grc' dir='ltr'><strong><em>ἐν</em></strong></span> <span class='ocrx_word' id='word_1_430' title='bbox 252 2430 413 2490; x_wconf 79' lang='grc' dir='ltr'><strong><em>ἑκάστη</em></strong></span> <span class='ocrx_word' id='word_1_431' title='bbox 448 2433 618 2488; x_wconf 83' lang='grc' dir='ltr'><strong><em>αἱρέσει</em></strong></span> <span class='ocrx_word' id='word_1_432' title='bbox 649 2430 904 2490; x_wconf 79' lang='grc' dir='ltr'><strong><em>ἆρεσάντων</em></strong></span> <span class='ocrx_word' id='word_1_433' title='bbox 926 2437 1016 2479; x_wconf 78' lang='grc' dir='ltr'><strong><em>τῶν</em></strong></span> <span class='ocrx_word' id='word_1_434' title='bbox 1038 2435 1102 2488; x_wconf 84' lang='grc' dir='ltr'><strong><em>εἰς</em></strong></span> <span class='ocrx_word' id='word_1_435' title='bbox 1121 2443 1141 2482; x_wconf 83' lang='grc' dir='ltr'><em>ἶ</em></span> <span class='ocrx_word' id='word_1_436' title='bbox 1160 2437 1209 2481; x_wconf 82' lang='grc' dir='ltr'><strong><em>τὸ</em></strong></span> <span class='ocrx_word' id='word_1_437' title='bbox 1235 2440 1431 2494; x_wconf 82' lang='grc' dir='ltr'><strong><em>πρῶτον.</em></strong></span> <span class='ocrx_word' id='word_1_438' title='bbox 1482 2451 1712 2493; x_wconf 83' lang='lat' dir='ltr'>germanus</span> 
     </span>
     <span class='ocr_line' id='line_1_35' title="bbox 166 2502 1711 2560; baseline 0 -14"><span class='ocrx_word' id='word_1_439' title='bbox 166 2502 333 2546; x_wconf 87' lang='lat' dir='ltr'>scilicet</span> <span class='ocrx_word' id='word_1_440' title='bbox 363 2503 506 2556; x_wconf 84' lang='lat' dir='ltr'>operis</span> <span class='ocrx_word' id='word_1_441' title='bbox 536 2502 755 2547; x_wconf 84' lang='lat' dir='ltr'>Laertiani</span> <span class='ocrx_word' id='word_1_442' title='bbox 787 2505 934 2548; x_wconf 87' lang='lat' dir='ltr'>titulus</span> <span class='ocrx_word' id='word_1_443' title='bbox 966 2506 1137 2550; x_wconf 84' lang='lat' dir='ltr'>videtur</span> <span class='ocrx_word' id='word_1_444' title='bbox 1174 2508 1307 2551; x_wconf 82' lang='lat' dir='ltr'>fuisse</span> <span class='ocrx_word' id='word_1_445' title='bbox 1343 2507 1432 2550; x_wconf 91' lang='lat' dir='ltr'>hic:</span> <span class='ocrx_word' id='word_1_446' title='bbox 1479 2508 1711 2560; x_wconf 80' lang='grc' dir='ltr'><strong><em>Λαερτίου</em></strong></span> 
     </span>
     <span class='ocr_line' id='line_1_36' title="bbox 166 2568 1709 2630; baseline 0.002 -18"><span class='ocrx_word' id='word_1_447' title='bbox 166 2571 408 2626; x_wconf 84' lang='grc' dir='ltr'><strong><em>Διογένους</em></strong></span> <span class='ocrx_word' id='word_1_448' title='bbox 451 2568 719 2626; x_wconf 86' lang='grc' dir='ltr'><strong><em>φιλοσόφων</em></strong></span> <span class='ocrx_word' id='word_1_449' title='bbox 757 2575 869 2627; x_wconf 82' lang='grc' dir='ltr'><strong><em>βίων</em></strong></span> <span class='ocrx_word' id='word_1_450' title='bbox 913 2574 987 2616; x_wconf 86' lang='grc' dir='ltr'><strong><em>καὶ</em></strong></span> <span class='ocrx_word' id='word_1_451' title='bbox 1029 2573 1261 2629; x_wconf 80' lang='grc' dir='ltr'><strong><em>δογμάτων</em></strong></span> <span class='ocrx_word' id='word_1_452' title='bbox 1293 2572 1536 2630; x_wconf 84' lang='grc' dir='ltr'><strong><em>συναγωγή,</em></strong></span> <span class='ocrx_word' id='word_1_453' title='bbox 1583 2586 1709 2628; x_wconf 82' lang='lat' dir='ltr'><strong>quem</strong></span> 
     </span>
     <span class='ocr_line' id='line_1_37' title="bbox 166 2640 1711 2702; baseline 0.006 -19"><span class='ocrx_word' id='word_1_454' title='bbox 166 2640 454 2685; x_wconf 74' lang='lat' dir='ltr'>nanciscimur</span> <span class='ocrx_word' id='word_1_455' title='bbox 494 2653 549 2684; x_wconf 86' lang='lat' dir='ltr'><strong><em>cx</em></strong></span> <span class='ocrx_word' id='word_1_456' title='bbox 591 2640 904 2697; x_wconf 83' lang='lat' dir='ltr'>subscriptione</span> <span class='ocrx_word' id='word_1_457' title='bbox 946 2643 1141 2688; x_wconf 90' lang='lat' dir='ltr'>codicum</span> <span class='ocrx_word' id='word_1_458' title='bbox 1180 2644 1252 2687; x_wconf 93' lang='lat' dir='ltr'><strong><em>BP</em></strong></span> <span class='ocrx_word' id='word_1_459' title='bbox 1301 2644 1369 2697; x_wconf 88' lang='lat' dir='ltr'>(cf.</span> <span class='ocrx_word' id='word_1_460' title='bbox 1402 2659 1532 2701; x_wconf 86' lang='lat' dir='ltr'>supra</span> <span class='ocrx_word' id='word_1_461' title='bbox 1561 2660 1633 2702; x_wconf 84' lang='lat' dir='ltr'><strong><em>pg.</em></strong></span> <span class='ocrx_word' id='word_1_462' title='bbox 1660 2652 1711 2692; x_wconf 85' lang='lat'><strong><em>79</em></strong></span> 
     </span>
    </p>
   </div>
  </div>
 </body>
</html>
