1861 3229
747 154 926 190 Analecta
949 153 1157 189 Laertiana.
1642 152 1721 189 153

180 269 251 314 hic
279 270 346 314 vir
376 270 526 314 doctus
558 269 761 314 oriundus
792 284 818 314 a
848 270 1147 314 Commotavia
1187 269 1301 324 quod
1341 268 1550 325 oppidum
1582 266 1722 311 Bohe-

179 339 294 383 miae
323 339 367 382 in
396 340 638 396 propinquo
670 339 929 383 Raudnitiae
961 339 1088 383 situm
1121 343 1195 382 est.

292 406 372 451 His
401 408 528 452 rebus
559 408 775 463 expeditis
815 409 900 451 iam
939 411 1061 463 patet
1101 420 1299 451 accessus
1339 407 1395 450 ad
1435 407 1721 451 correctiones

177 475 277 518 libri
306 475 340 518 P
371 476 736 532 contemplandas.

477 604 514 643 5.
553 602 628 645 De
660 601 870 645 codicis
902 601 937 642 P
967 601 1414 646 correctionibus

652 668 879 723 eiusque
921 668 1238 723 propagine.

290 749 441 793 Codex
462 749 495 791 P
526 749 805 804 plurimorum
832 748 1037 791 librorum
1059 747 1383 791 Laertianorum
1413 754 1559 793 auctor
1588 756 1717 806 atque

177 831 331 874 parens
370 818 547 861 exstitit.
623 818 692 861 cui
737 816 853 872 quod
897 816 1104 872 temporis
1149 816 1316 860 invidia
1359 817 1555 873 pepercit
1599 824 1717 873 grato

175 886 300 929 nobis
332 885 619 940 congratulari
651 885 858 929 debemus
889 885 1052 928 animo:
1087 886 1244 928 etenim
1265 886 1299 929 si
1323 887 1396 930 ille
1418 886 1717 938 intercidisset,

176 953 398 1009 discriptio
447 954 655 998 librorum
700 968 755 998 ex
796 966 847 996 eo
888 952 1177 996 derivatorum
1229 955 1508 1009 gravissimas
1548 959 1720 1010 pararet

176 1021 450 1066 difficultates
480 1036 619 1078 neque
651 1023 824 1066 omnino
856 1022 1084 1077 quisquam
1116 1035 1170 1065 ex
1192 1036 1276 1066 una
1297 1037 1369 1068 eos
1393 1037 1541 1067 omnes
1572 1023 1718 1067 radice

174 1090 411 1144 pullulasse
441 1092 642 1145 augurari
672 1096 836 1147 posset:
877 1095 963 1133 tam
1006 1091 1117 1133 enim
1160 1091 1321 1134 diversi
1353 1093 1463 1135 inter
1494 1105 1589 1135 sese
1620 1096 1718 1135 sunt

174 1158 321 1212 specie
352 1172 404 1202 ac
434 1158 678 1203 dissimiles.
741 1171 850 1214 quae
891 1171 958 1202 res
998 1157 1098 1201 inde
1134 1171 1253 1201 suam
1285 1160 1547 1204 nanciscitur
1579 1161 1716 1216 expli-

175 1227 385 1271 cationem
416 1227 532 1282 quod
563 1227 703 1271 codex
722 1228 756 1270 P
789 1227 1045 1282 compluries
1076 1226 1133 1269 ad
1159 1228 1269 1271 alios
1300 1229 1432 1272 libros
1464 1229 1714 1283 diligentius

175 1299 388 1339 correctus
419 1299 548 1351 atque
578 1300 677 1351 post
706 1309 833 1339 unam
866 1308 1077 1351 quamque
1118 1295 1268 1339 harum
1300 1297 1609 1341 correctionum
1641 1297 1713 1341 de·

174 1363 358 1418 scriptus
389 1368 465 1408 est.

287 1432 378 1475 Iam
410 1433 445 1476 si
476 1432 619 1488 placet
649 1433 910 1487 singularum
941 1445 1141 1475 manuum
1172 1433 1418 1486 potissimas
1451 1438 1716 1478 correcturas

174 1500 439 1544 excutiamus
477 1501 680 1555 qualique
721 1501 901 1556 quisque
942 1504 1226 1543 correctorum
1258 1502 1458 1557 exemplo
1490 1515 1591 1544 usus
1622 1515 1716 1545 esse

170 1567 369 1612 videatur
407 1567 706 1612 edisseramus.
774 1582 923 1612 verum
964 1572 1006 1612 et
1044 1568 1127 1612 hoc
1165 1569 1260 1612 loco
1292 1582 1435 1612 meum
1476 1582 1570 1613 esse
1607 1569 1716 1614 duco

170 1650 344 1681 monere
374 1641 508 1681 totam
539 1636 649 1680 hanc
681 1638 977 1692 quaestionem
1007 1650 1110 1680 sane
1143 1651 1271 1692 quam
1303 1638 1512 1681 lubricam
1546 1652 1640 1683 esse
1671 1644 1715 1682 ut

170 1717 281 1760 quae
313 1705 427 1748 infra
457 1705 751 1759 disputaturus
783 1718 876 1748 sum
907 1718 985 1759 pro
1016 1706 1163 1759 utique
1194 1705 1321 1748 certis
1344 1705 1567 1749 venditare
1599 1705 1714 1749 haud

168 1773 320 1817 ausim.
368 1777 509 1817 tamen
539 1787 639 1828 spes
671 1778 735 1817 est
766 1777 964 1818 conatum
995 1787 1079 1817 non
1109 1787 1282 1828 prorsus
1313 1774 1469 1818 frustra
1499 1788 1525 1817 a
1556 1788 1624 1818 me
1647 1789 1711 1820 ca-

168 1845 288 1897 ptum
320 1854 427 1896 esse,
468 1855 563 1885 cum
595 1842 650 1884 de
681 1842 774 1885 istis
804 1842 930 1885 rebus
962 1842 1157 1885 similiter
1187 1842 1275 1884 fere
1307 1842 1499 1886 iudicare
1530 1844 1711 1886 sentiam

167 1910 378 1955 Dielsium
410 1911 482 1966 qui
512 1910 707 1954 subsidia
736 1923 815 1954 sua
845 1909 1003 1953 utenda
1034 1908 1139 1952 mihi
1171 1911 1366 1964 permisit
1392 1912 1709 1956 liberalissime.

280 1979 344 2021 Ac
374 1979 556 2033 primum
587 1978 760 2033 quidem
783 1979 837 2021 de
872 1982 1108 2022 correctore
1130 1978 1186 2019 P2
1209 1978 1443 2022 videamus.
1494 1979 1551 2022 ad
1583 1994 1711 2034 quem

167 2047 245 2092 has
288 2051 486 2103 quattuor
526 2048 713 2102 priorum
753 2048 956 2091 librorum
997 2047 1280 2091 correctiones
1316 2048 1583 2093 revocandas
1615 2063 1711 2094 esse

167 2117 422 2227 ἃὼηἷῗῖέζ
467 2184 558 2226 ποῦ
595 2184 746 2226 P2Lat
777 2200 786 2227 :
819 2186 939 2226 ποίω
979 2183 1072 2225 P1B
1095 2181 1109 2237 ΙΙ
1133 2184 1184 2224 28
1234 2185 1477 2238 πρωτίστω
1518 2185 1671 2228 P'2Lat
1701 2201 1710 2228 :

165 2247 360 2311 ὄνηίστω
392 2253 486 2296 P1B
510 2252 524 2309 ΙΙ
549 2256 601 2297 30
631 2249 931 2310 ἆριστόόημον
961 2252 1112 2295 P2Lat
1135 2262 1143 2289 τ
1165 2245 1451 2309 ἆριστοτέλη·
1485 2250 1624 2309 δῆμον
1656 2254 1711 2297 Ρ1

165 2317 591 2381 [ἇριστόῖ-έ-ληόημον
607 2320 656 2379 Β]
681 2323 696 2377 11
720 2324 773 2366 38
789 2319 1126 2371 καλαντινιανός
1142 2322 1292 2364 P2La2·
1313 2337 1321 2364 :
1344 2317 1640 2373 καλαντιανός
1657 2323 1709 2366 Ρ1

169 2388 505 2447 [καλλαντιανός
536 2389 586 2448 Β]
611 2392 622 2446 ΙΙ
649 2393 697 2434 81
735 2389 974 2445 συνόμιλος
1004 2405 1058 2435 ss.
1091 2391 1216 2434 P2aT
1239 2407 1247 2433 :
1269 2386 1458 2444 ὖμίλαος
1479 2392 1533 2434 Ρ1
1566 2390 1710 2445 (ῧμιλ-

283 2505 313 2546 1)
349 2503 516 2539 Rationis
548 2503 814 2549 insequentium
846 2502 1051 2538 tabularum
1089 2513 1133 2537 ne
1164 2503 1309 2538 nescius
1345 2503 1409 2546 sis,
1456 2502 1519 2536 ubi
1556 2502 1709 2538 deerunt

166 2560 256 2605 sigla
290 2570 358 2605 mg.
387 2560 436 2602 (in
461 2560 634 2604 margine)
670 2569 718 2594 ss.
745 2558 1030 2603 (suprascripsit)
1063 2568 1142 2603 exp.
1170 2559 1383 2604 (expunxit),
1413 2559 1552 2594 litteras
1578 2559 1709 2603 quibus

166 2617 381 2654 correctoris
412 2617 588 2653 lectiones
618 2625 641 2651 a
672 2613 864 2661 scripturis
895 2625 940 2650 m.
966 2615 984 2649 I
1016 2615 1186 2651 differunt
1217 2616 1254 2650 in
1287 2624 1414 2651 rasura
1445 2615 1600 2651 liturave
1625 2627 1709 2653 cou—

162 2675 302 2712 locatas
326 2685 405 2712 esse
429 2674 532 2711 scito.
581 2687 603 2711 τ
621 2692 662 2704 =
679 2673 837 2710 T¹K¹Z¹.
