1861 3229
744 153 921 190 Analecta
945 152 1150 189 Laertiana.
1640 150 1721 189 139

176 265 203 310 ἃ
235 266 315 324 Ρα]
338 267 353 322 ΙΙ
378 271 430 313 76
461 267 671 325 γινόμενα
702 269 757 312 L1
788 286 796 313 :
830 267 1064 324 κινούμενα
1094 269 1219 312 L2Pa
1241 266 1255 323 [Ι
1279 269 1331 312 83
1373 266 1418 311 οἱ
1451 268 1722 323 βιασθέντες

174 337 230 380 L1
264 353 274 380 z
305 329 332 394 ἢ
361 340 628 391 βιασθέντες
658 336 814 394 L2Pdss
839 341 918 382 105
951 353 1033 382 om.
1068 332 1317 392 οὐδετέροις
1347 339 1434 380 L1:
1461 337 1559 380 hab.
1595 330 1720 378 οὐδε-

173 407 320 461 τέροις
349 406 495 451 L2P2a
524 409 582 460 (ni
610 406 724 463 quod
745 408 783 451 V
803 408 950 464 praeb.
986 401 1232 458 οὗὸετίοις).

287 474 503 530 Proxime,
534 480 580 519 ut
609 475 757 519 videre
777 476 892 530 licet,
921 475 1129 518 lectiones
1152 476 1404 518 correctoris
1425 476 1481 517 L2
1502 474 1716 518 accedunt

171 543 229 586 ad
250 544 498 587 memoriam
519 543 680 587 codicis
701 544 735 586 P
757 557 940 598 quocum
971 556 1053 585 uno
1081 544 1253 597 saepius
1275 547 1512 597 congruunt
1532 542 1644 586 adeo
1669 547 1716 585 ut

171 611 299 655 facile
320 612 415 667 quis
437 625 488 655 eo
520 612 694 655 inclinet
723 616 769 654 ut
798 616 1082 654 correctorem
1113 610 1212 652 libri
1232 611 1267 652 L
1289 611 1436 654 codice
1459 611 1492 653 P
1515 612 1586 654 vel
1609 624 1712 666 apo-

171 680 335 737 grapho
358 682 449 726 eius
469 685 568 725 ante
589 693 739 724 manus
760 680 815 723 Ρ4
836 680 1183 724 retractationem
1203 676 1319 722 facto
1340 692 1461 723 usum
1494 693 1589 724 esse
1621 679 1710 723 exi-

172 749 327 793 stimet.
396 762 525 803 quam
562 749 816 792 sententiam
860 749 1110 803 priusquam
1148 747 1479 801 amplectamur,
1525 749 1714 803 scrupuli

173 816 350 870 quidam
390 816 621 858 amovendi
660 820 769 859 sunt.
831 819 1001 858 exstant
1040 816 1153 858 enim
1186 815 1296 857 inter
1327 815 1533 858 lectiones
1566 829 1714 858 manus

170 884 228 926 L²
259 887 401 927 certae
432 882 644 938 quaedam
675 897 702 925 a
731 883 831 925 libri
856 883 891 925 P
920 883 1128 926 memoria
1156 883 1338 926 alienae.
1392 896 1502 937 quae
1535 897 1630 926 cum
1662 895 1715 925 ne

173 952 216 994 in
248 952 401 995 ceteris
433 950 607 1007 quidem
639 950 857 995 Laertiani
889 952 1031 1007 operis
1064 951 1284 995 codicibus
1316 956 1616 1006 compareant,
1649 964 1713 994 su-

171 1020 329 1076 spicari
356 1020 470 1063 subit
490 1020 740 1064 correctoris
771 1021 867 1063 illas
898 1021 990 1064 sive
1012 1021 1286 1074 neglegentia
1318 1020 1409 1063 sive
1442 1018 1715 1063 coniectandi

170 1088 357 1143 quadam
388 1089 607 1144 prurigine
639 1093 803 1133 creatas
835 1102 941 1133 csse.
1004 1089 1085 1132 hoc
1123 1093 1309 1132 statuere
1348 1088 1459 1132 adeo
1498 1101 1712 1142 cogemur,

170 1158 206 1201 si
237 1159 457 1212 utriusque
493 1158 555 1201 rei
594 1163 710 1202 certa
750 1159 1020 1202 inveniantur
1051 1158 1262 1213 exempla.
1324 1162 1454 1213 atque
1485 1156 1712 1201 socordiae

169 1224 345 1280 quidem
376 1230 657 1269 correctorem
681 1223 932 1283 'insimulare
963 1226 1069 1269 mihi
1100 1226 1299 1269 videntur
1320 1226 1533 1268 innumeri
1565 1226 1605 1268 ei
1627 1226 1710 1268 loci

170 1293 324 1348 quibus
355 1293 553 1337 librarius
585 1293 746 1337 codicis
777 1294 811 1337 L
842 1295 884 1337 in
916 1308 999 1338 uno
1039 1295 1171 1338 verbo
1204 1295 1285 1338 bis
1315 1298 1586 1349 peccaverat,
1619 1307 1707 1336 cor-

168 1365 309 1404 rector
339 1365 481 1404 autem
511 1362 739 1405 alterum
770 1366 931 1405 tantum
954 1364 1189 1417 scrIpturae
1210 1362 1412 1405 mendum
1445 1361 1636 1405 sustulit:
1672 1374 1709 1403 e.

168 1429 280 1484 gr.l.
304 1429 399 1472 133
431 1429 485 1471 L1
529 1429 708 1473 dederat
741 1427 940 1485 χρήσεων
975 1444 1053 1485 pro
1090 1428 1313 1485 χρύσειον,
1356 1434 1571 1473 corrector
1608 1440 1711 1471 vero

168 1498 271 1541 satis
303 1497 455 1540 habuit
485 1503 768 1542 commutasse
806 1514 839 1539 ω
879 1499 923 1541 in
956 1515 997 1541 ιο
1038 1503 1083 1542 ut
1122 1513 1234 1542 nunc
1273 1499 1441 1553 legatur
1477 1495 1711 1551 χρήσειονς

165 1566 193 1607 l.
216 1565 258 1607 II
280 1566 332 1607 38
364 1565 564 1608 librarius
595 1566 824 1620 scripserat
854 1561 1084 1622 ὗπήλιψεν
1104 1579 1182 1621 pro
1205 1564 1467 1621 ἐπήλειψεν,
1499 1570 1713 1609 corrector

164 1638 309 1677 autem
339 1634 443 1678 satis
475 1647 569 1678 esse
600 1633 725 1678 duxit
756 1651 772 1677 ι
801 1634 845 1677 in
877 1649 917 1677 ει
953 1634 1268 1679 emendavisse.
1330 1634 1484 1679 eodem
1516 1639 1713 1691 spectant

164 1702 210 1746 hi
241 1703 344 1746 loci:
376 1703 447 1745 l.I
478 1703 752 1757 inscripserat
786 1704 862 1746 L1:
893 1707 956 1747 A.
978 1707 1034 1746 A.
1065 1706 1177 1758 βίων
1216 1704 1290 1746 καὶ
1329 1705 1515 1758 γνωμῶν
1555 1709 1710 1756 cetera,

164 1771 265 1815 inde
296 1771 399 1816 fecit
428 1771 505 1814 L2:
537 1775 600 1814 A.
623 1773 677 1814 A.
716 1773 813 1826 βίοι
848 1772 922 1815 καὶ
962 1787 1135 1828 γνωμαι
1167 1773 1287 1828 (sic);
1328 1773 1517 1815 1.11163
1549 1773 1603 1815 L¹
1637 1773 1708 1816 dc-

163 1840 287 1883 derat
318 1840 511 1895 νοητῶνε
542 1853 620 1894 pro
653 1853 736 1894 quo
768 1836 909 1882 ὄντων
939 1854 1148 1896 reponere
1188 1841 1280 1883 sine
1320 1841 1451 1884 dubio
1492 1843 1534 1883 in
1566 1843 1708 1884 animo

166 1907 355 1951 habebat
384 1908 441 1950 L2
473 1921 567 1950 cum
599 1907 763 1951 litteras
795 1923 870 1963 νοη
903 1909 945 1950 in
978 1903 1026 1950 ὅν
1063 1909 1326 1962 immutaret,
1368 1922 1515 1951 verum
1550 1909 1707 1952 oblitus

164 1980 229 2019 est
258 1980 481 2019 accentum
512 1988 639 2030 super
671 1991 705 2015 ω
737 1976 1003 2019 conlocatum
1037 1975 1182 2018 delcre
1218 1980 1263 2018 ut
1292 1990 1403 2019 nunc
1433 1977 1477 2018 in
1508 1977 1543 2019 L
1574 1978 1707 2032 scrip-

163 2048 252 2088 tum
292 2044 348 2089 sit
385 2038 540 2086 ὄντῶν.
610 2043 694 2088 ista
732 2044 895 2088 incuria
940 2058 1036 2089 cum
1074 2058 1158 2088 non
1197 2048 1360 2087 tantum
1401 2044 1466 2089 his
1506 2050 1708 2101 quattuor

161 2114 283 2168 locis,
315 2113 391 2157 sed
413 2116 459 2155 ut
478 2112 608 2156 modo
635 2112 726 2155 dixi
752 2115 956 2157 sescentis
977 2113 1105 2156 etiam
1126 2114 1224 2156 aliis
1256 2114 1476 2156 observari
1507 2114 1707 2161 animad-

162 2182 360 2237 vertique
390 2181 547 2237 possit,
587 2194 672 2225 non
709 2181 834 2225 nimis
863 2182 1066 2237 religiose
1098 2182 1235 2224 virum
1270 2182 1429 2225 bonum
1462 2183 1707 2238 corrigendi

162 2250 352 2294 officium
393 2250 659 2305 praestitisse
698 2255 892 2306 apertum
931 2256 1006 2294 est.
1069 2263 1153 2304 qua
1191 2264 1237 2294 re
1267 2256 1497 2307 perspecta
1527 2267 1614 2297 non
1642 2253 1706 2296 fa-

162 2320 246 2363 cile
277 2331 534 2373 quemquam
565 2317 670 2361 mihi
711 2318 1001 2362 oblocuturum
1033 2319 1204 2374 opinor,
1245 2320 1282 2362 si
1321 2320 1529 2364 lectiones
1561 2322 1588 2363 l.
1612 2322 1632 2364 I
1658 2325 1707 2363 17

162 2385 375 2429 ἐλεκτικοὶ
401 2386 472 2437 (L1
505 2383 760 2441 ἐλεγκτικοὶε
795 2386 829 2429 Ρ
860 2383 1114 2438 ἐκλεκτικοὶ)
1145 2391 1189 2431 et
1218 2388 1359 2431 11166
1394 2385 1638 2432 ἐκδοθέντα
1680 2387 1706 2430 ἃ

159 2452 518 2506 (Β1ἐκδοθέντας
551 2455 617 2496 Ρα
648 2451 878 2496 ἐκδοθέντι
909 2452 952 2504 ἃ)
985 2456 1087 2499 inde
1118 2462 1267 2501 enatas
1300 2458 1559 2501 contendero
1591 2459 1706 2513 quod

159 2524 216 2567 L2
237 2524 490 2579 scripturam
512 2522 676 2566 librarii
697 2523 752 2565 L1
783 2536 948 2582 parum-
965 2524 1169 2568 adcurate
1191 2525 1248 2569 ad
1278 2526 1378 2569 libri
1400 2526 1433 2569 P
1455 2527 1706 2570 memoriam

157 2592 455 2637 conformavit.
514 2603 654 2646 neque
695 2592 779 2634 iam
819 2606 977 2647 gravor
1011 2594 1219 2638 lectiones
1251 2595 1279 2636 l.
1301 2595 1322 2637 I
1343 2597 1392 2636 41
1428 2594 1707 2650 γοργασιάὸα

160 2658 398 2717 (γορσιάόα
430 2660 570 2716 ΒΡα);
609 2661 636 2703 l.
659 2659 777 2702 1142
817 2659 952 2703 κλινώ
991 2661 1162 2714 (κλεινώ
1203 2663 1297 2719 Ργ);
1339 2663 1429 2706 1.Ιῖ
1452 2667 1505 2708 43
1549 2662 1707 2707 κλύσαι
