1861 3229
730 175 908 210 Analecta
930 174 1138 211 Laertiana.
1660 171 1712 208 95

168 290 297 342 atque
336 300 414 342 per
451 289 630 344 aliquod
668 294 833 345 tempus
872 289 1068 336 Lutetiae
1107 291 1368 334 Parisiorum
1408 287 1711 331 adulescentes

168 354 346 398 Graecis
375 356 531 401 litteris
563 357 800 401 imbuebat:
831 359 941 402 inter
972 373 1080 414 quos
1109 358 1192 402 fuit
1211 356 1475 400 Reuchlinus
1497 356 1572 410 qui
1598 367 1712 397 anno

171 425 279 465 1473
301 424 479 469 Parisiis
509 426 862 470 commorabatur.
924 427 1040 471 horis
1071 431 1214 471 autem
1246 424 1473 469 subsicivis
1495 423 1710 478 Georgius

167 491 373 548 plurimos
404 493 536 538 libros
567 494 756 539 Graecos
796 493 1026 550 descripsit
1061 496 1158 551 plus
1189 493 1327 537 minus
1357 492 1576 537 festinanti
1609 491 1709 536 stilo

169 560 285 611 (vide
307 561 681 606 Gardthausenum
713 563 739 605 l.
763 577 797 606 c.
820 578 891 618 pg.
915 566 996 606 317
1019 578 1052 607 s.
1076 577 1114 606 v.
1135 562 1460 615 Charitonymi).
1520 562 1711 605 continet

164 619 276 673 liber
306 630 344 673 Τ
373 644 502 674 unum
524 630 685 674 Laertii
707 630 914 685 Diogenis
946 644 1053 686 opus
1085 630 1201 686 quod
1232 629 1276 672 in
1306 629 1442 672 fronte
1474 630 1584 683 gerit
1610 629 1709 671 titu-

166 698 254 741 lum
285 699 373 749 (fol.
404 702 479 749 1¹):
519 701 750 753 Λαερτίου
788 697 1014 753 διογένους
1050 701 1163 753 βίων
1200 697 1272 739 καὶ
1313 698 1497 751 γνωμῶν
1535 698 1624 738 τῶν
1664 695 1708 738 ἐν

167 765 421 824 φιλοσοφία
446 760 831 824 εὐδοκιμησάντων
852 766 925 809 καὶ
950 768 1035 809 τῶν
1057 765 1102 809 ἐν
1133 763 1293 822 ἑκάστη
1328 763 1497 821 αἱρέσει
1529 759 1709 818 ἔτρεσαν-

168 849 256 875 των
289 836 376 875 τῶν
408 833 471 884 εἰς
503 834 606 876 δέκα
636 833 686 875 τὸ
720 835 912 890 πρῶτον.
971 836 1227 890 subscriptio
1258 834 1390 876 nulla.

282 901 580 946 Correctiones
621 915 760 958 aeque
808 916 860 947 ac
904 904 1142 958 glossarum
1186 903 1435 945 Latinarum
1480 899 1709 942 multitudo

166 971 322 1025 quibus
354 971 569 1025 margines
601 972 831 1016 voluminis
869 973 1035 1028 impleti
1074 977 1172 1016 sunt
1201 972 1255 1014 ab
1286 972 1382 1025 ipso
1413 969 1601 1023 Georgio
1632 969 1709 1011 ad-

164 1039 302 1083 iectae
333 1043 441 1083 sunt.

280 1107 399 1157 XIV)
432 1106 597 1151 Codex
617 1107 980 1151 LaurentIanus
1001 1108 1069 1162 pl.
1089 1106 1252 1150 LXIX
1272 1119 1349 1149 nr.
1370 1105 1430 1148 35
1452 1104 1540 1155 (H).
1578 1119 1708 1148 mem-

165 1175 402 1219 branaceus
442 1180 507 1219 est
544 1176 767 1231 formaque
814 1178 1099 1232 quartanaria.
1168 1177 1354 1231 paginae
1395 1177 1448 1218 23
1490 1187 1705 1230 versuum,

164 1255 314 1286 versus
334 1244 570 1286 litterarum
592 1246 759 1287 47—49
781 1250 890 1288 sunt.
933 1246 1229 1299 complectitur
1259 1258 1385 1286 unam
1418 1243 1578 1285 Laertii
1602 1242 1705 1283 Dio-

164 1313 286 1366 genis
324 1312 611 1367 scriptionem.
686 1314 759 1357 fol.
795 1317 834 1355 1Jr
861 1313 892 1340 0¹⁵
920 1319 937 1339 V
968 1317 1131 1368 prostat
1168 1313 1423 1367 locupletior
1459 1312 1534 1354 ille
1565 1309 1704 1365 philo-

166 1379 397 1434 sophorum
421 1379 551 1423 index
581 1382 653 1435 qui
681 1382 723 1423 in
755 1382 903 1425 codice
925 1382 959 1423 P
980 1381 1135 1435 legitur
1165 1379 1238 1423 fol.
1264 1384 1303 1422 1¹
1324 1385 1367 1422 et
1391 1384 1433 1421 1v
1463 1379 1704 1432 inscriptio·

164 1461 348 1502 nemque
371 1448 500 1492 habet
520 1448 651 1492 hanc:
682 1452 913 1505 Λαερτίου
937 1448 1162 1505 διογένους
1181 1451 1276 1502 βίοι
1305 1447 1380 1490 καὶ
1412 1448 1586 1502 γνῶμαι
1618 1448 1704 1487 τῶν

163 1514 207 1558 ἐν
230 1517 483 1573 φιλοσοφία
514 1512 898 1574 εὐδοκιμησάντων
928 1518 1001 1559 καὶ
1033 1518 1120 1559 τῶν
1152 1515 1334 1574 ἑκάστηι
1366 1517 1458 1568 (sic)
1492 1514 1706 1569 αἱρέσεων

162 1579 439 1640 ἀρεσκόντων
478 1583 522 1627 ἐν
564 1584 776 1643 ἐπιτομῆι
817 1584 1043 1641 συναγωγὴ
1092 1586 1204 1636 (sic)’
1255 1583 1463 1641 διήρηται
1508 1582 1558 1625 τὸ
1607 1582 1707 1638 σύγ-

160 1669 342 1709 γραμμα
374 1651 437 1703 εἷς
466 1654 648 1709 βίβλους
680 1653 796 1696 δέκα.
843 1651 1029 1696 ἑκάστου
1054 1654 1232 1709 βιβλίου
1254 1652 1310 1696 τὰ
1333 1651 1575 1710 πρόσωπα.
1622 1652 1706 1707 ipsi

161 1726 305 1764 autem
342 1723 561 1765 contextui
603 1722 674 1765 hic
713 1724 786 1766 fol.
816 1725 858 1764 2Ϊ
895 1722 1112 1778 praefixus
1151 1728 1216 1766 est
1255 1724 1423 1765 titulus:
1473 1724 1706 1773 Λαερτίου

162 1789 387 1845 διογένους
414 1792 509 1844 βίοι
539 1790 613 1832 καὶ
643 1791 816 1845 γνῶμαι
843 1792 932 1833 τῶν
961 1789 1006 1833 ἐν
1036 1790 1290 1847 φιλοσοφία
1320 1784 1706 1845 εὐδοκιμησάντων

159 1857 335 1911 βιβλίον
358 1859 400 1899 ὂ.
447 1858 490 1900 in
510 1857 594 1900 fine
616 1858 712 1901 libri
736 1858 819 1901 VII
839 1872 968 1901 unum
996 1863 1039 1901 et
1069 1858 1293 1901 dimidium
1324 1858 1474 1900 folium
1506 1870 1702 1901 vacuum.

276 1925 496 1980 Scriptura
518 1924 681 1968 codicis
702 1925 817 1968 haud
840 1929 950 1968 tecte
973 1926 1254 1980 proprietates
1285 1926 1447 1969 saeculi
1469 1925 1553 1967 XV
1574 1925 1704 1967 refert

160 2000 205 2037 ut
239 1993 293 2037 iis
332 1993 559 2048 suffragari
599 2007 809 2049 nequeam
851 1994 923 2048 qui
960 2007 1056 2037 eum
1097 1994 1181 2037 iam
1214 1993 1317 2037 XIV
1348 1994 1523 2037 saeculo
1565 1999 1702 2036 ortum

159 2075 254 2105 esse
283 2061 549 2115 perhibeant.

274 2130 370 2173 Non
392 2130 510 2173 nulla
530 2129 728 2172 librarius
750 2129 851 2172 dum
882 2130 1087 2173 describit
1117 2130 1288 2174 sustulit
1319 2131 1437 2184 vitia,
1470 2130 1701 2184 plerasque

160 2199 204 2241 in
234 2199 428 2252 margine
466 2198 708 2241 conlocavit
739 2198 881 2240 varias
921 2198 1147 2250 lectiones,
1189 2197 1361 2240 addidit
1399 2198 1704 2251 supplementa

159 2266 386 2320 quaedam.
444 2278 584 2320 pauca
622 2265 665 2307 in
704 2265 897 2318 margine
928 2264 1152 2307 adnotavit
1182 2279 1333 2308 manus
1364 2264 1561 2309 subflava
1592 2264 1701 2316 (Ηῖ).

158 2347 243 2376 non
264 2347 495 2389 numquam
519 2333 760 2386 corrigendi
787 2345 937 2374 munus
969 2333 1245 2387 participavit
1275 2347 1426 2377 manus
1458 2335 1586 2376 tertia
1608 2332 1702 2384 (113)

157 2406 395 2445 atramento
413 2406 617 2456 usurpato
633 2400 770 2444 furvo.
810 2413 920 2456 quae
941 2414 1092 2444 manus
1114 2401 1232 2445 haud
1253 2402 1465 2445 absimilis
1480 2415 1507 2444 a
1524 2402 1701 2445 librario

158 2475 300 2514 tamen
322 2470 376 2513 ab
399 2469 481 2513 hoe
498 2470 644 2524 paullo
661 2470 959 2524 gracilioribus
981 2470 1218 2513 litterarum
1238 2471 1390 2514 formis
1410 2470 1699 2524 distinguitur.

272 2538 370 2591 XV)
401 2536 567 2580 Codex
597 2536 868 2581 Marcianus
900 2548 972 2591 gr.
994 2548 1072 2580 nr.
1098 2536 1190 2580 394
1216 2537 1285 2588 (I).
1347 2539 1700 2581 membranaceus

158 2611 223 2651 est
237 2606 459 2662 formaque
477 2610 639 2661 quarta.
674 2606 859 2661 paginae
874 2610 971 2649 sunt
985 2619 1185 2650 versuum
1203 2610 1270 2661 27,
1294 2620 1442 2650 versus
1465 2607 1702 2649 litterarum

158 2676 342 2719 48—50.
404 2674 580 2718 exhibet
618 2687 748 2718 unum
787 2675 947 2718 Laertii
979 2676 1187 2731 Diogenis
1229 2689 1349 2731 opus.
1396 2676 1470 2720 fol.
1502 2676 1555 2718 Av
1590 2675 1702 2719 hanc
