1861 3229
126 212 207 249 118
716 206 884 249 Edgarus
908 205 1068 240 Martini.

124 326 168 370 εἴ
193 344 237 370 τι
265 323 524 380 βούλονται;
569 325 621 366 67
654 315 826 380 ἠξίωσα
856 334 935 377 pro
968 313 1178 371 ἀξιώσας.
1238 319 1386 375 paullo
1417 318 1570 362 melius
1601 333 1669 365 res

122 396 250 439 cessit
280 393 376 435 aliis
407 391 534 434 locis:
568 404 605 434 e.
629 405 665 434 c.
688 392 715 433 1.
739 392 759 433 I
782 394 834 432 54
866 414 921 420 —
953 402 1037 444 quo
1068 390 1164 432 loco
1196 389 1255 432 (Ξῖ
1288 389 1432 432 omisit
1460 389 1671 432 vocabula

122 462 168 504 δὲ
199 459 304 515 ὅρον
336 484 390 490 —-
420 458 479 502 G2
510 458 568 503 ad
606 472 779 504 sensum
820 458 936 502 haud
966 457 1080 501 male
1112 457 1332 514 supplevit
1361 457 1522 515 μῆκοςς
1566 457 1669 502 item

118 532 138 573 I
168 532 221 571 64
252 542 336 572 non
377 532 525 571 contra
564 528 650 572 loci
691 529 968 582 sententiam,
1014 539 1154 581 neque
1194 539 1297 569 vero
1337 526 1582 570 necessario
1612 526 1670 570 ad

119 598 297 641 verbum
337 591 596 649 ἀπέχεσθαι
642 597 811 641 addidit
848 593 1128 652 τυραννίδος;
1175 595 1195 636 I
1225 595 1279 637 89
1325 594 1484 650 pusilla
1529 598 1671 638 exstat

117 668 271 710 lacuna
310 665 355 707 in
400 665 598 709 omnibus
643 666 799 709 nostris
844 664 965 707 libris
1005 662 1167 706 Laertii
1212 667 1258 705 ut
1302 663 1376 717 qui
1416 661 1670 705 exhibeant:

119 731 232 775 ἀλλὰ
278 733 354 776 καὶ
393 730 445 774 τὸ
489 731 609 788 ἱερὸν
648 735 725 791 τῆς
771 727 947 789 ἆθηνᾶς
993 726 1347 773 ἀνανεώσασθαι
1392 724 1528 772 αὐτὸν
1574 724 1666 772 ἀπὸ

119 799 302 843 ὄαναοῦ.
371 802 568 856 explevit
606 800 885 845 Gasaubonus
925 800 1089 844 hiatum
1129 799 1322 844 evidenti
1361 799 1528 842 ratione
1568 799 1670 841 scri-

117 869 285 914 bendo:
319 863 453 912 αὗτὸν
474 867 574 924 <τὸ>
596 863 688 912 ἀπὸ
712 870 907 912 Δαναοῦ.
960 869 1047 912 alio
1078 868 1206 912 modo
1238 867 1439 911 damnum
1468 880 1670 923 reparare

121 942 300 982 conatus
341 941 405 981 est
442 942 656 981 corrector
696 938 755 981 G2
797 938 869 992 qui
906 942 1005 993 post
1042 949 1279 993 pronomen
1319 931 1454 977 αὐτὸν
1492 936 1671 979 inseruit

119 1007 302 1051 verbum
333 1005 532 1047 κτισθὲν.
584 1019 711 1060 quam
744 1007 1033 1050 coniecturam
1061 1006 1244 1049 Cobetus
1275 1005 1417 1049 fucum
1448 1003 1668 1059 haudqua-

120 1087 251 1127 quam
289 1074 604 1127 persentiscens
643 1074 686 1113 in
732 1077 896 1114 textum
942 1074 1137 1125 recipere
1183 1072 1299 1114 haud
1343 1075 1548 1125 gravatus
1592 1077 1668 1113 est.

121 1141 288 1184 duobus
319 1143 462 1182 autem
493 1139 600 1183 locis
631 1139 860 1183 correctori
892 1139 1072 1193 contigit
1103 1144 1148 1182 ut
1178 1151 1325 1182 veram
1355 1151 1407 1181 ac
1438 1138 1669 1192 genuinam

118 1209 373 1262 scripturam
396 1206 641 1249 reduceret:
672 1208 873 1249 nimirum
905 1208 932 1248 1.
955 1207 975 1248 Ι
997 1209 1051 1247 40
1085 1207 1157 1249 ubi
1180 1204 1437 1248 ἐπιθέσθαι
1457 1207 1671 1262 ποιητικῇ

118 1275 159 1326 (i.
184 1288 222 1318 e.
255 1274 482 1331 ποιητικῇ.
529 1274 582 1317 cf.
607 1274 736 1318 etiam
758 1274 899 1318 Laert.
923 1274 1050 1329 Diog.
1081 1274 1108 1317 l.
1131 1273 1190 1317 IV
1210 1273 1295 1329 15),
1328 1274 1444 1330 quod
1474 1275 1518 1318 in
1547 1275 1670 1319 libris

117 1343 272 1386 nostris
294 1343 414 1385 varie
436 1343 722 1398 depravatum
747 1348 810 1387 cst
831 1344 900 1393 (cf.
923 1357 992 1398 pg.
1020 1346 1131 1396 113),
1153 1344 1339 1386 restituit
1360 1348 1403 1387 et
1423 1345 1450 1386 1.
1472 1344 1562 1387 196
1585 1357 1670 1399 quo

117 1411 213 1454 loco
242 1423 320 1465 pro
352 1412 511 1467 φθορᾶ
541 1411 772 1466 legendum
805 1424 900 1455 esse
933 1412 1068 1467 φωρᾶ
1104 1412 1148 1462 (i.
1181 1424 1217 1454 e.
1250 1412 1398 1468 φωρᾷ)
1435 1413 1670 1467 perspexit.

234 1480 325 1521 Iam
364 1493 469 1522 vero
509 1480 565 1522 ad
606 1480 816 1523 familiam
847 1481 879 1520 d*
903 1493 981 1522 nos
1013 1484 1325 1523 convertamus.
1386 1494 1438 1523 ac
1467 1480 1599 1523 libros
1631 1480 1670 1524 U

120 1552 162 1590 et
193 1548 229 1590 V
259 1547 468 1601 peculiari
510 1548 697 1602 quadam
737 1547 1055 1592 necessitudine
1086 1548 1295 1591 contineri
1325 1549 1397 1592 vel
1428 1561 1483 1591 ex
1513 1548 1671 1591 tabulis

119 1615 364 1669 argumenti
387 1616 483 1668 quis
506 1617 765 1671 suspicetur:
798 1616 987 1659 continet
1010 1616 1123 1658 enim
1154 1619 1333 1671 uterque
1364 1617 1475 1660 liber
1505 1620 1675 1671 praeter

119 1683 283 1727 Laertii
305 1683 517 1738 Diogenis
540 1697 647 1739 opus
671 1682 962 1739 Theophrasti
983 1682 1195 1738 Excerpt.
1219 1683 1369 1739 Phys.;
1402 1680 1674 1740 [Aristotelis]

120 1752 527 1794 commentationem
569 1750 640 1792 De
670 1751 931 1806 Xenophane
970 1751 1134 1805 Gor-‚qia
1172 1750 1364 1802 Zenone3
1401 1749 1675 1808 [Aristotelis]

116 1820 308 1862 Auscult.
351 1819 497 1862 mir-ab.
569 1833 709 1875 neque
753 1821 924 1863 inanem
968 1832 1063 1864 esse
1102 1820 1222 1863 illam
1268 1821 1558 1876 suspicionem
1600 1820 1675 1864 ad-

117 1889 306 1931 curatior
344 1887 634 1931 consideratio
675 1888 875 1932 ostendit.
945 1902 1041 1931 cum
1081 1889 1203 1931 libris
1245 1888 1325 1932 UV
1355 1903 1522 1933 rursum
1561 1903 1674 1933 com-

115 1957 316 1999 munione
357 1957 560 1999 vitiorum
602 1955 780 1999 firmiter
819 1957 1069 2000 coniunctus
1109 1961 1174 2000 est
1212 1957 1386 2001 mutilus
1416 1958 1590 2001 libellus
1622 1956 1672 2001 O.

113 2038 263 2068 verum
295 2025 382 2067 iam
413 2025 631 2079 proferam
664 2038 775 2080 quae
808 2025 934 2068 huius
965 2025 1160 2068 familiae
1191 2026 1369 2080 propria
1399 2030 1497 2069 sunt
1517 2025 1675 2069 menda

115 2093 352 2147 scripturae
397 2093 675 2147 lacunasque.
748 2094 946 2136 contineo
992 2096 1136 2135 autem
1183 2092 1253 2136 hic
1299 2106 1469 2148 quoque
1514 2106 1583 2136 me
1630 2094 1674 2136 in

115 2160 417 2203 examinandis
457 2160 579 2202 libris
618 2160 762 2202 I-III
793 2162 859 2202 60.
921 2161 1064 2202 littera
1095 2161 1126 2199 d
1153 2159 1403 2214 designatur
1443 2173 1674 2204 consensus

115 2241 319 2271 manuum
349 2228 648 2283 primarum
681 2228 878 2272 codicum
908 2228 989 2272 UV
1019 2232 1094 2271 aut
1124 2227 1254 2272 OUV.

773 2354 943 2398 Tabula
974 2354 1020 2398 C.

230 2432 249 2474 I
283 2436 308 2474 4
338 2434 556 2487 γενέσθαι
578 2434 610 2473 ό
626 2436 698 2485 (=
716 2433 810 2485 UV)
832 2450 842 2477 ε
863 2436 1091 2489 γεγονέναι
1112 2448 1141 2487 γ
1163 2432 1213 2490 [Β
1234 2432 1426 2492 mancus]
1450 2433 1464 2490 ss
1491 2438 1541 2477 14
1566 2434 1675 2477 ἰσω-

115 2500 315 2553 κρατικοὶ
348 2502 380 2542 ό
406 2515 417 2543 z
450 2505 720 2555 σωκρατικοί
749 2503 814 2556 γΒ
838 2501 852 2558 ΙΙ
880 2505 931 2546 18
967 2504 1047 2546 τοῦ
1079 2501 1123 2546 ἐν
1157 2497 1277 2545 αὗτιῦ
1307 2504 1339 2545 d
1365 2518 1374 2546 :
1406 2504 1493 2547 τῶν
1525 2502 1570 2547 ἐν
1602 2501 1676 2547 αὐ·

115 2570 179 2609 τεῦ
200 2570 265 2621 γΒ
289 2568 303 2624 ΙΙ
326 2570 406 2611 τοῦ
437 2568 555 2625 πρὸς
585 2566 703 2626 ἡμᾶς
734 2572 793 2612 d:
814 2572 905 2613 τῶν
926 2569 1043 2626 πρὸς
1063 2567 1183 2628 ἡμᾶς
1202 2572 1265 2625 γΒ
1290 2572 1303 2625 ΙΙ
1328 2575 1381 2615 23
1414 2573 1594 2628 μερικῆς
1615 2574 1673 2614 d:

117 2638 276 2692 μικρᾶς
310 2643 427 2682 recte
446 2639 519 2682 FB
547 2639 707 2696 μικρῆς
729 2640 769 2682 D
792 2637 806 2694 ΙΙ
830 2642 883 2683 29
915 2637 965 2683 τὸ
999 2638 1218 2696 ποτήριον
1249 2642 1281 2682 d
1298 2655 1308 2684 :
1330 2639 1549 2698 ποτήριον
1578 2640 1643 2694 γΒ
1664 2639 1675 2696 ΙΙ

119 2706 173 2746 36
215 2703 403 2747 εἰπόντα
442 2707 510 2748 d:
543 2705 807 2760 πυθόμενον
844 2709 908 2761 γΒ
946 2707 961 2763 ΙΙ
999 2710 1179 2762 πρῶτον
1219 2711 1286 2750 d:
1319 2708 1541 2765 πρότερον
1578 2709 1644 2762 γΒ
1663 2708 1675 2765 ΙΙ
