<?xml version="1.0" encoding="UTF-8"?>
<!DOCTYPE html PUBLIC "-//W3C//DTD XHTML 1.0 Transitional//EN"
    "http://www.w3.org/TR/xhtml1/DTD/xhtml1-transitional.dtd">
<html xmlns="http://www.w3.org/1999/xhtml" xml:lang="en" lang="en">
 <head>
  <title>
</title>
<meta http-equiv="Content-Type" content="text/html;charset=utf-8" />
  <meta name='ocr-system' content='tesseract 3.04.00' />
  <meta name='ocr-capabilities' content='ocr_page ocr_carea ocr_par ocr_line ocrx_word'/>
</head>
<body>
  <div class='ocr_page' id='page_1' title='image "4627071_0090.png"; bbox 0 0 1861 3229; ppageno 0'>
   <div class='ocr_carea' id='block_1_1' title="bbox 150 169 1095 213">
    <p class='ocr_par' dir='ltr' id='par_1_1' title="bbox 150 169 1095 213">
     <span class='ocr_line' id='line_1_1' title="bbox 150 169 1095 213; baseline -0.005 -4"><span class='ocrx_word' id='word_1_1' title='bbox 150 172 229 209; x_wconf 83' lang='lat'><strong>152</strong></span> <span class='ocrx_word' id='word_1_2' title='bbox 743 170 910 213; x_wconf 84' lang='lat' dir='ltr'><strong>Edgarus</strong></span> <span class='ocrx_word' id='word_1_3' title='bbox 934 169 1095 205; x_wconf 79' lang='lat' dir='ltr'><strong>Martini.</strong></span> 
     </span>
    </p>
   </div>
   <div class='ocr_carea' id='block_1_2' title="bbox 144 284 1700 891">
    <p class='ocr_par' dir='ltr' id='par_1_2' title="bbox 144 284 1700 891">
     <span class='ocr_line' id='line_1_2' title="bbox 148 284 1697 342; baseline -0.001 -10"><span class='ocrx_word' id='word_1_4' title='bbox 148 288 282 332; x_wconf 88' lang='lat' dir='ltr'><strong>editio</strong></span> <span class='ocrx_word' id='word_1_5' title='bbox 321 300 431 332; x_wconf 89' lang='lat' dir='ltr'><strong>anno</strong></span> <span class='ocrx_word' id='word_1_6' title='bbox 469 284 753 329; x_wconf 93' lang='lat' dir='ltr'>MDXXXIII</span> <span class='ocrx_word' id='word_1_7' title='bbox 792 284 992 329; x_wconf 87' lang='lat' dir='ltr'><strong>Basileae</strong></span> <span class='ocrx_word' id='word_1_8' title='bbox 1038 297 1094 328; x_wconf 89' lang='lat' dir='ltr'><strong>ex</strong></span> <span class='ocrx_word' id='word_1_9' title='bbox 1138 284 1311 329; x_wconf 88' lang='lat' dir='ltr'><strong>officina</strong></span> <span class='ocrx_word' id='word_1_10' title='bbox 1354 286 1553 330; x_wconf 84' lang='lat' dir='ltr'><strong>Frobeni.</strong></span> <span class='ocrx_word' id='word_1_11' title='bbox 1624 287 1697 342; x_wconf 91' lang='lat' dir='ltr'><strong>qui</strong></span> 
     </span>
     <span class='ocr_line' id='line_1_3' title="bbox 147 352 1697 411; baseline -0.002 -10"><span class='ocrx_word' id='word_1_12' title='bbox 147 356 432 402; x_wconf 83' lang='lat' dir='ltr'>subsidiorum</span> <span class='ocrx_word' id='word_1_13' title='bbox 453 367 626 398; x_wconf 89' lang='lat' dir='ltr'><strong>suorum</strong></span> <span class='ocrx_word' id='word_1_14' title='bbox 647 354 858 398; x_wconf 91' lang='lat' dir='ltr'><strong>rationem</strong></span> <span class='ocrx_word' id='word_1_15' title='bbox 879 353 1071 398; x_wconf 85' lang='lat' dir='ltr'><strong>reddidit</strong></span> <span class='ocrx_word' id='word_1_16' title='bbox 1090 352 1457 410; x_wconf 78' lang='lat' dir='ltr'>praefatiunculae</span> <span class='ocrx_word' id='word_1_17' title='bbox 1486 368 1558 411; x_wconf 87' lang='lat' dir='ltr'><strong>pg.</strong></span> <span class='ocrx_word' id='word_1_18' title='bbox 1578 358 1602 399; x_wconf 89' lang='lat'><strong>3</strong></span> <span class='ocrx_word' id='word_1_19' title='bbox 1623 355 1697 400; x_wconf 92' lang='lat' dir='ltr'><strong>ubi</strong></span> 
     </span>
     <span class='ocr_line' id='line_1_4' title="bbox 147 417 1696 479; baseline -0.002 -11"><span class='ocrx_word' id='word_1_20' title='bbox 147 426 328 479; x_wconf 87' lang='lat' dir='ltr'><strong>legimus</strong></span> <span class='ocrx_word' id='word_1_21' title='bbox 351 422 476 466; x_wconf 90' lang='lat' dir='ltr'><strong>haec:</strong></span> <span class='ocrx_word' id='word_1_22' title='bbox 495 417 757 477; x_wconf 73' lang='lat' dir='ltr'><strong>‘Exemplar</strong></span> <span class='ocrx_word' id='word_1_23' title='bbox 777 421 897 464; x_wconf 73' lang='lat' dir='ltr'><strong>nobis</strong></span> <span class='ocrx_word' id='word_1_24' title='bbox 918 421 1111 464; x_wconf 75' lang='lat' dir='ltr'><strong>eoekibuz‘t</strong></span> <span class='ocrx_word' id='word_1_25' title='bbox 1130 422 1198 463; x_wconf 83' lang='lat' dir='ltr'><strong>vir</strong></span> <span class='ocrx_word' id='word_1_26' title='bbox 1219 420 1462 463; x_wconf 82' lang='lat' dir='ltr'><strong>Hebraieae</strong></span> <span class='ocrx_word' id='word_1_27' title='bbox 1486 421 1696 466; x_wconf 81' lang='lat' dir='ltr'><strong>Graecae-</strong></span> 
     </span>
     <span class='ocr_line' id='line_1_5' title="bbox 146 488 1700 548; baseline 0.001 -15"><span class='ocrx_word' id='word_1_28' title='bbox 146 505 224 548; x_wconf 85' lang='lat' dir='ltr'><strong>que</strong></span> <span class='ocrx_word' id='word_1_29' title='bbox 254 490 524 532; x_wconf 77' lang='lat' dir='ltr'><em>litteraturae</em></span> <span class='ocrx_word' id='word_1_30' title='bbox 549 488 821 545; x_wconf 77' lang='lat' dir='ltr'><em>professione</em></span> <span class='ocrx_word' id='word_1_31' title='bbox 858 490 999 533; x_wconf 81' lang='lat' dir='ltr'><strong>clarus</strong></span> <span class='ocrx_word' id='word_1_32' title='bbox 1028 489 1270 532; x_wconf 77' lang='lat' dir='ltr'><em>Matthaeus</em></span> <span class='ocrx_word' id='word_1_33' title='bbox 1299 490 1549 545; x_wconf 77' lang='lat' dir='ltr'><strong>Auriyallus</strong></span> <span class='ocrx_word' id='word_1_34' title='bbox 1586 491 1700 548; x_wconf 83' lang='lat' dir='ltr'><strong>quod</strong></span> 
     </span>
     <span class='ocr_line' id='line_1_6' title="bbox 145 555 1695 615; baseline 0.001 -14"><span class='ocrx_word' id='word_1_35' title='bbox 145 573 192 601; x_wconf 89' lang='lat' dir='ltr'><strong>eo</strong></span> <span class='ocrx_word' id='word_1_36' title='bbox 225 560 378 601; x_wconf 79' lang='lat' dir='ltr'><strong>testari</strong></span> <span class='ocrx_word' id='word_1_37' title='bbox 405 559 537 600; x_wconf 81' lang='lat' dir='ltr'><strong>visum</strong></span> <span class='ocrx_word' id='word_1_38' title='bbox 569 565 634 600; x_wconf 77' lang='lat' dir='ltr'><strong>est</strong></span> <span class='ocrx_word' id='word_1_39' title='bbox 661 573 713 601; x_wconf 82' lang='lat' dir='ltr'><strong>ne</strong></span> <span class='ocrx_word' id='word_1_40' title='bbox 743 566 785 601; x_wconf 83' lang='lat' dir='ltr'><strong>et</strong></span> <span class='ocrx_word' id='word_1_41' title='bbox 815 562 852 602; x_wconf 79' lang='lat' dir='ltr'><strong>is</strong></span> <span class='ocrx_word' id='word_1_42' title='bbox 873 558 1010 601; x_wconf 84' lang='lat' dir='ltr'><strong>debita</strong></span> <span class='ocrx_word' id='word_1_43' title='bbox 1040 557 1177 600; x_wconf 81' lang='lat' dir='ltr'><strong>laudis</strong></span> <span class='ocrx_word' id='word_1_44' title='bbox 1201 560 1403 615; x_wconf 81' lang='lat' dir='ltr'><strong>portione</strong></span> <span class='ocrx_word' id='word_1_45' title='bbox 1420 555 1695 615; x_wconf 74' lang='lat' dir='ltr'><strong>fraudetur-³.</strong></span> 
     </span>
     <span class='ocr_line' id='line_1_7' title="bbox 146 627 1696 684; baseline -0.001 -12"><span class='ocrx_word' id='word_1_46' title='bbox 146 628 448 672; x_wconf 90' lang='lat' dir='ltr'><strong>excudendum</strong></span> <span class='ocrx_word' id='word_1_47' title='bbox 479 628 611 683; x_wconf 88' lang='lat' dir='ltr'><strong>igitur</strong></span> <span class='ocrx_word' id='word_1_48' title='bbox 642 632 811 673; x_wconf 89' lang='lat' dir='ltr'><strong>curarat</strong></span> <span class='ocrx_word' id='word_1_49' title='bbox 838 629 1075 673; x_wconf 86' lang='lat' dir='ltr'><strong>Frobenius</strong></span> <span class='ocrx_word' id='word_1_50' title='bbox 1095 627 1305 672; x_wconf 80' lang='lat' dir='ltr'><strong>Matthaei</strong></span> <span class='ocrx_word' id='word_1_51' title='bbox 1323 628 1538 684; x_wconf 88' lang='lat' dir='ltr'><strong>Aurigalli</strong></span> <span class='ocrx_word' id='word_1_52' title='bbox 1568 630 1696 680; x_wconf 88' lang='grc'>(1480</span> 
     </span>
     <span class='ocr_line' id='line_1_8' title="bbox 146 696 1695 752; baseline 0.002 -13"><span class='ocrx_word' id='word_1_53' title='bbox 146 698 333 749; x_wconf 82' lang='lat'>-1543)</span> <span class='ocrx_word' id='word_1_54' title='bbox 353 696 549 741; x_wconf 81' lang='lat' dir='ltr'><strong>codicem</strong></span> <span class='ocrx_word' id='word_1_55' title='bbox 569 697 856 741; x_wconf 88' lang='lat' dir='ltr'><strong>Laertianum.</strong></span> <span class='ocrx_word' id='word_1_56' title='bbox 888 698 1052 741; x_wconf 88' lang='lat' dir='ltr'><strong>interea</strong></span> <span class='ocrx_word' id='word_1_57' title='bbox 1073 696 1144 741; x_wconf 93' lang='lat' dir='ltr'><strong>hic</strong></span> <span class='ocrx_word' id='word_1_58' title='bbox 1167 696 1304 741; x_wconf 80' lang='lat' dir='ltr'><strong>codex</strong></span> <span class='ocrx_word' id='word_1_59' title='bbox 1325 709 1500 752; x_wconf 82' lang='lat' dir='ltr'><strong>pessum</strong></span> <span class='ocrx_word' id='word_1_60' title='bbox 1523 698 1573 741; x_wconf 87' lang='lat' dir='ltr'><strong>iit</strong></span> <span class='ocrx_word' id='word_1_61' title='bbox 1593 697 1695 742; x_wconf 88' lang='lat' dir='ltr'><strong>fide·</strong></span> 
     </span>
     <span class='ocr_line' id='line_1_9' title="bbox 145 765 1695 822; baseline 0.002 -14"><span class='ocrx_word' id='word_1_62' title='bbox 145 767 230 809; x_wconf 93' lang='lat' dir='ltr'><strong>lem</strong></span> <span class='ocrx_word' id='word_1_63' title='bbox 261 766 398 822; x_wconf 88' lang='lat' dir='ltr'><strong>ipsius</strong></span> <span class='ocrx_word' id='word_1_64' title='bbox 429 765 666 822; x_wconf 83' lang='lat' dir='ltr'><strong>imaginem</strong></span> <span class='ocrx_word' id='word_1_65' title='bbox 697 765 930 811; x_wconf 85' lang='lat' dir='ltr'><strong>editionem</strong></span> <span class='ocrx_word' id='word_1_66' title='bbox 960 765 1276 810; x_wconf 89' lang='lat' dir='ltr'><strong>Frobenianam</strong></span> <span class='ocrx_word' id='word_1_67' title='bbox 1307 766 1567 821; x_wconf 89' lang='lat' dir='ltr'><strong>relinquens.</strong></span> <span class='ocrx_word' id='word_1_68' title='bbox 1598 779 1695 811; x_wconf 88' lang='lat' dir='ltr'><strong>con·</strong></span> 
     </span>
     <span class='ocr_line' id='line_1_10' title="bbox 144 834 1695 891; baseline 0.002 -14"><span class='ocrx_word' id='word_1_69' title='bbox 144 839 312 879; x_wconf 90' lang='lat' dir='ltr'><strong>textum</strong></span> <span class='ocrx_word' id='word_1_70' title='bbox 343 834 471 880; x_wconf 89' lang='lat' dir='ltr'><strong>huius</strong></span> <span class='ocrx_word' id='word_1_71' title='bbox 503 835 706 881; x_wconf 87' lang='lat' dir='ltr'><strong>editionis</strong></span> <span class='ocrx_word' id='word_1_72' title='bbox 737 849 832 880; x_wconf 87' lang='lat' dir='ltr'><strong>cum</strong></span> <span class='ocrx_word' id='word_1_73' title='bbox 854 835 995 880; x_wconf 87' lang='lat' dir='ltr'><strong>acrius</strong></span> <span class='ocrx_word' id='word_1_74' title='bbox 1016 835 1243 891; x_wconf 89' lang='lat' dir='ltr'><strong>intuemur,</strong></span> <span class='ocrx_word' id='word_1_75' title='bbox 1274 835 1331 880; x_wconf 90' lang='lat' dir='ltr'><strong>ad</strong></span> <span class='ocrx_word' id='word_1_76' title='bbox 1354 835 1560 879; x_wconf 89' lang='lat' dir='ltr'><strong>librorum</strong></span> <span class='ocrx_word' id='word_1_77' title='bbox 1581 834 1695 880; x_wconf 84' lang='lat' dir='ltr'><strong>CXZ</strong></span> 
     </span>
    </p>
   </div>
   <div class='ocr_carea' id='block_1_3' title="bbox 145 904 1765 959">
    <p class='ocr_par' dir='ltr' id='par_1_3' title="bbox 145 904 1765 959">
     <span class='ocr_line' id='line_1_11' title="bbox 145 904 1765 959; baseline 0.001 -12"><span class='ocrx_word' id='word_1_78' title='bbox 145 904 398 948; x_wconf 85' lang='lat' dir='ltr'><strong>memoriam</strong></span> <span class='ocrx_word' id='word_1_79' title='bbox 438 906 636 959; x_wconf 85' lang='lat' dir='ltr'><strong>proxime</strong></span> <span class='ocrx_word' id='word_1_80' title='bbox 676 904 884 949; x_wconf 87' lang='lat' dir='ltr'><strong>accedere</strong></span> <span class='ocrx_word' id='word_1_81' title='bbox 924 904 1144 948; x_wconf 83' lang='lat' dir='ltr'><strong>videmus:</strong></span> <span class='ocrx_word' id='word_1_82' title='bbox 1183 904 1362 948; x_wconf 85' lang='lat' dir='ltr'><strong>exhibet</strong></span> <span class='ocrx_word' id='word_1_83' title='bbox 1400 905 1513 947; x_wconf 88' lang='lat' dir='ltr'><strong>enim</strong></span> <span class='ocrx_word' id='word_1_84' title='bbox 1554 905 1698 948; x_wconf 88' lang='lat' dir='ltr'><strong>omnia</strong></span> <span class='ocrx_word' id='word_1_85' title='bbox 1762 935 1765 939; x_wconf 29' lang='grc' dir='ltr'><em>ι</em></span> 
     </span>
    </p>
   </div>
   <div class='ocr_carea' id='block_1_4' title="bbox 131 972 1697 2742">
    <p class='ocr_par' dir='ltr' id='par_1_4' title="bbox 131 972 1697 2742">
     <span class='ocr_line' id='line_1_12' title="bbox 147 972 1696 1029; baseline 0.001 -14"><span class='ocrx_word' id='word_1_86' title='bbox 147 985 201 1016; x_wconf 91' lang='lat' dir='ltr'><strong>ea</strong></span> <span class='ocrx_word' id='word_1_87' title='bbox 230 973 340 1016; x_wconf 84' lang='lat' dir='ltr'><strong>vitia</strong></span> <span class='ocrx_word' id='word_1_88' title='bbox 370 986 481 1027; x_wconf 91' lang='lat' dir='ltr'><strong>quae</strong></span> <span class='ocrx_word' id='word_1_89' title='bbox 512 972 664 1016; x_wconf 93' lang='lat' dir='ltr'><strong>horum</strong></span> <span class='ocrx_word' id='word_1_90' title='bbox 695 974 901 1016; x_wconf 90' lang='lat' dir='ltr'><strong>librorum</strong></span> <span class='ocrx_word' id='word_1_91' title='bbox 933 973 1108 1028; x_wconf 91' lang='lat' dir='ltr'><strong>propria</strong></span> <span class='ocrx_word' id='word_1_92' title='bbox 1150 985 1244 1016; x_wconf 87' lang='lat' dir='ltr'><strong>esse</strong></span> <span class='ocrx_word' id='word_1_93' title='bbox 1275 986 1406 1029; x_wconf 90' lang='lat' dir='ltr'><strong>supra</strong></span> <span class='ocrx_word' id='word_1_94' title='bbox 1436 973 1696 1028; x_wconf 87' lang='lat' dir='ltr'><strong>significavi-</strong></span> 
     </span>
     <span class='ocr_line' id='line_1_13' title="bbox 146 1040 1697 1096; baseline 0.001 -13"><span class='ocrx_word' id='word_1_95' title='bbox 146 1053 241 1084; x_wconf 91' lang='lat' dir='ltr'><strong>mus</strong></span> <span class='ocrx_word' id='word_1_96' title='bbox 262 1041 331 1091; x_wconf 87' lang='lat' dir='ltr'><strong>(cf.</strong></span> <span class='ocrx_word' id='word_1_97' title='bbox 354 1054 426 1096; x_wconf 87' lang='lat' dir='ltr'><strong>pg.</strong></span> <span class='ocrx_word' id='word_1_98' title='bbox 454 1043 533 1083; x_wconf 91' lang='lat'><strong>146</strong></span> <span class='ocrx_word' id='word_1_99' title='bbox 544 1043 732 1096; x_wconf 88' lang='lat' dir='ltr'><strong>proxx.).</strong></span> <span class='ocrx_word' id='word_1_100' title='bbox 775 1045 918 1095; x_wconf 87' lang='lat' dir='ltr'><strong>potest</strong></span> <span class='ocrx_word' id='word_1_101' title='bbox 938 1053 1043 1083; x_wconf 86' lang='lat' dir='ltr'><strong>vero</strong></span> <span class='ocrx_word' id='word_1_102' title='bbox 1064 1040 1391 1084; x_wconf 83' lang='lat' dir='ltr'><strong>adcuratissime</strong></span> <span class='ocrx_word' id='word_1_103' title='bbox 1413 1041 1697 1085; x_wconf 84' lang='lat' dir='ltr'><strong>demonstrari</strong></span> 
     </span>
     <span class='ocr_line' id='line_1_14' title="bbox 145 1108 1695 1163; baseline 0.001 -13"><span class='ocrx_word' id='word_1_104' title='bbox 145 1108 260 1151; x_wconf 90' lang='lat' dir='ltr'><strong>unde</strong></span> <span class='ocrx_word' id='word_1_105' title='bbox 291 1108 504 1161; x_wconf 89' lang='lat' dir='ltr'><strong>Aurigalli</strong></span> <span class='ocrx_word' id='word_1_106' title='bbox 536 1109 646 1150; x_wconf 90' lang='lat' dir='ltr'><strong>liber</strong></span> <span class='ocrx_word' id='word_1_107' title='bbox 676 1109 886 1161; x_wconf 88' lang='lat' dir='ltr'><strong>originem</strong></span> <span class='ocrx_word' id='word_1_108' title='bbox 925 1108 1116 1150; x_wconf 87' lang='lat' dir='ltr'><strong>traxerit.</strong></span> <span class='ocrx_word' id='word_1_109' title='bbox 1177 1111 1274 1150; x_wconf 90' lang='lat' dir='ltr'><strong>sunt</strong></span> <span class='ocrx_word' id='word_1_110' title='bbox 1313 1108 1426 1150; x_wconf 89' lang='lat' dir='ltr'><strong>enim</strong></span> <span class='ocrx_word' id='word_1_111' title='bbox 1466 1122 1577 1163; x_wconf 92' lang='lat' dir='ltr'><strong>quae</strong></span> <span class='ocrx_word' id='word_1_112' title='bbox 1608 1123 1695 1151; x_wconf 91' lang='lat' dir='ltr'><strong>am-</strong></span> 
     </span>
     <span class='ocr_line' id='line_1_15' title="bbox 145 1175 1695 1231; baseline 0.002 -13"><span class='ocrx_word' id='word_1_113' title='bbox 145 1176 321 1231; x_wconf 87' lang='lat' dir='ltr'><strong>biguum</strong></span> <span class='ocrx_word' id='word_1_114' title='bbox 352 1187 448 1219; x_wconf 90' lang='lat' dir='ltr'><strong>esse</strong></span> <span class='ocrx_word' id='word_1_115' title='bbox 485 1188 571 1218; x_wconf 90' lang='lat' dir='ltr'><strong>non</strong></span> <span class='ocrx_word' id='word_1_116' title='bbox 609 1176 752 1219; x_wconf 88' lang='lat' dir='ltr'><strong>sinant</strong></span> <span class='ocrx_word' id='word_1_117' title='bbox 790 1176 892 1230; x_wconf 90' lang='lat' dir='ltr'><strong>quin</strong></span> <span class='ocrx_word' id='word_1_118' title='bbox 931 1188 954 1218; x_wconf 91' lang='lat' dir='ltr'><strong>e</strong></span> <span class='ocrx_word' id='word_1_119' title='bbox 986 1175 1136 1219; x_wconf 89' lang='lat' dir='ltr'><strong>codice</strong></span> <span class='ocrx_word' id='word_1_120' title='bbox 1168 1175 1201 1218; x_wconf 91' lang='lat' dir='ltr'>Z</span> <span class='ocrx_word' id='word_1_121' title='bbox 1233 1188 1464 1231; x_wconf 88' lang='lat' dir='ltr'><strong>expressus</strong></span> <span class='ocrx_word' id='word_1_122' title='bbox 1494 1177 1561 1220; x_wconf 90' lang='lat' dir='ltr'><strong>sit.</strong></span> <span class='ocrx_word' id='word_1_123' title='bbox 1621 1176 1695 1221; x_wconf 91' lang='lat' dir='ltr'><strong>do-</strong></span> 
     </span>
     <span class='ocr_line' id='line_1_16' title="bbox 143 1243 1695 1300; baseline 0.001 -13"><span class='ocrx_word' id='word_1_124' title='bbox 143 1248 342 1287; x_wconf 90' lang='lat' dir='ltr'><strong>cumenta</strong></span> <span class='ocrx_word' id='word_1_125' title='bbox 372 1243 568 1287; x_wconf 84' lang='lat' dir='ltr'><strong>adferam</strong></span> <span class='ocrx_word' id='word_1_126' title='bbox 598 1257 683 1287; x_wconf 90' lang='lat' dir='ltr'><strong>non</strong></span> <span class='ocrx_word' id='word_1_127' title='bbox 715 1244 871 1298; x_wconf 90' lang='lat' dir='ltr'><strong>omnia,</strong></span> <span class='ocrx_word' id='word_1_128' title='bbox 903 1243 981 1288; x_wconf 89' lang='lat' dir='ltr'><strong>sed</strong></span> <span class='ocrx_word' id='word_1_129' title='bbox 1013 1257 1069 1287; x_wconf 88' lang='lat' dir='ltr'><strong>ex</strong></span> <span class='ocrx_word' id='word_1_130' title='bbox 1100 1244 1298 1288; x_wconf 90' lang='lat' dir='ltr'><strong>omnibus</strong></span> <span class='ocrx_word' id='word_1_131' title='bbox 1327 1245 1511 1300; x_wconf 91' lang='lat' dir='ltr'><strong>potiora.</strong></span> <span class='ocrx_word' id='word_1_132' title='bbox 1552 1246 1581 1288; x_wconf 91' lang='lat' dir='ltr'><strong>l.</strong></span> <span class='ocrx_word' id='word_1_133' title='bbox 1603 1246 1695 1288; x_wconf 85' lang='lat'><strong>153</strong></span> 
     </span>
     <span class='ocr_line' id='line_1_17' title="bbox 142 1311 1695 1370; baseline 0.003 -16"><span class='ocrx_word' id='word_1_134' title='bbox 142 1312 242 1355; x_wconf 90' lang='lat' dir='ltr'><strong>libri</strong></span> <span class='ocrx_word' id='word_1_135' title='bbox 267 1311 487 1356; x_wconf 88' lang='lat' dir='ltr'><strong>Laertiani</strong></span> <span class='ocrx_word' id='word_1_136' title='bbox 519 1313 779 1367; x_wconf 88' lang='lat' dir='ltr'><strong>quicumque</strong></span> <span class='ocrx_word' id='word_1_137' title='bbox 810 1312 866 1356; x_wconf 88' lang='lat' dir='ltr'><strong>ad</strong></span> <span class='ocrx_word' id='word_1_138' title='bbox 898 1312 1146 1367; x_wconf 91' lang='lat' dir='ltr'><strong>exemplum</strong></span> <span class='ocrx_word' id='word_1_139' title='bbox 1167 1326 1196 1370; x_wconf 78' lang='grc' dir='ltr'>ρ</span> <span class='ocrx_word' id='word_1_140' title='bbox 1217 1312 1400 1357; x_wconf 89' lang='lat' dir='ltr'><strong>redeunt</strong></span> <span class='ocrx_word' id='word_1_141' title='bbox 1429 1314 1472 1357; x_wconf 92' lang='lat' dir='ltr'><strong>in</strong></span> <span class='ocrx_word' id='word_1_142' title='bbox 1493 1319 1695 1359; x_wconf 88' lang='lat' dir='ltr'><strong>contextu</strong></span> 
     </span>
     <span class='ocr_line' id='line_1_18' title="bbox 142 1376 1694 1437; baseline 0.002 -13"><span class='ocrx_word' id='word_1_143' title='bbox 142 1379 371 1424; x_wconf 88' lang='lat' dir='ltr'><strong>verborum</strong></span> <span class='ocrx_word' id='word_1_144' title='bbox 402 1380 564 1425; x_wconf 86' lang='lat' dir='ltr'><strong>habent</strong></span> <span class='ocrx_word' id='word_1_145' title='bbox 594 1376 839 1436; x_wconf 78' lang='grc' dir='ltr'><em>ἀναλογοῦν</em></span> <span class='ocrx_word' id='word_1_146' title='bbox 870 1394 950 1436; x_wconf 90' lang='lat' dir='ltr'><strong>pro</strong></span> <span class='ocrx_word' id='word_1_147' title='bbox 983 1376 1194 1436; x_wconf 83' lang='grc' dir='ltr'><em>ἆναλοῦν;</em></span> <span class='ocrx_word' id='word_1_148' title='bbox 1224 1381 1440 1437; x_wconf 87' lang='lat' dir='ltr'><strong>Aurigalli</strong></span> <span class='ocrx_word' id='word_1_149' title='bbox 1460 1387 1604 1426; x_wconf 90' lang='lat' dir='ltr'><strong>autem</strong></span> <span class='ocrx_word' id='word_1_150' title='bbox 1626 1397 1694 1427; x_wconf 91' lang='lat' dir='ltr'><strong>co-</strong></span> 
     </span>
     <span class='ocr_line' id='line_1_19' title="bbox 143 1443 1692 1506; baseline 0.002 -14"><span class='ocrx_word' id='word_1_151' title='bbox 143 1448 284 1493; x_wconf 92' lang='lat' dir='ltr'><strong>dicem</strong></span> <span class='ocrx_word' id='word_1_152' title='bbox 307 1443 498 1492; x_wconf 82' lang='grc' dir='ltr'><em>ἆναλοῦν</em></span> <span class='ocrx_word' id='word_1_153' title='bbox 519 1450 771 1505; x_wconf 87' lang='lat' dir='ltr'><strong>praebuisse</strong></span> <span class='ocrx_word' id='word_1_154' title='bbox 793 1449 1112 1494; x_wconf 87' lang='lat' dir='ltr'><strong>Frobenianum</strong></span> <span class='ocrx_word' id='word_1_155' title='bbox 1133 1454 1315 1494; x_wconf 90' lang='lat' dir='ltr'><strong>testatur</strong></span> <span class='ocrx_word' id='word_1_156' title='bbox 1338 1452 1574 1506; x_wconf 89' lang='lat' dir='ltr'><strong>exemplar.</strong></span> <span class='ocrx_word' id='word_1_157' title='bbox 1606 1452 1692 1495; x_wconf 89' lang='lat' dir='ltr'><strong>iam</strong></span> 
     </span>
     <span class='ocr_line' id='line_1_20' title="bbox 144 1517 1693 1573; baseline 0.001 -12"><span class='ocrx_word' id='word_1_158' title='bbox 144 1531 240 1561; x_wconf 86' lang='lat' dir='ltr'><strong>cum</strong></span> <span class='ocrx_word' id='word_1_159' title='bbox 271 1517 385 1561; x_wconf 90' lang='lat' dir='ltr'><strong>hunc</strong></span> <span class='ocrx_word' id='word_1_160' title='bbox 414 1519 555 1561; x_wconf 87' lang='lat' dir='ltr'><strong>locum</strong></span> <span class='ocrx_word' id='word_1_161' title='bbox 587 1519 632 1561; x_wconf 91' lang='lat' dir='ltr'><strong>in</strong></span> <span class='ocrx_word' id='word_1_162' title='bbox 654 1517 805 1561; x_wconf 86' lang='lat' dir='ltr'><strong>codice</strong></span> <span class='ocrx_word' id='word_1_163' title='bbox 826 1518 859 1560; x_wconf 92' lang='lat' dir='ltr'>Z</span> <span class='ocrx_word' id='word_1_164' title='bbox 882 1519 1139 1572; x_wconf 86' lang='lat' dir='ltr'><strong>evolvimus,</strong></span> <span class='ocrx_word' id='word_1_165' title='bbox 1171 1519 1354 1573; x_wconf 90' lang='lat' dir='ltr'><strong>margini</strong></span> <span class='ocrx_word' id='word_1_166' title='bbox 1375 1519 1542 1562; x_wconf 87' lang='lat' dir='ltr'><strong>librarii</strong></span> <span class='ocrx_word' id='word_1_167' title='bbox 1563 1533 1693 1563; x_wconf 90' lang='lat' dir='ltr'><strong>manu</strong></span> 
     </span>
     <span class='ocr_line' id='line_1_21' title="bbox 139 1581 1694 1644; baseline 0.002 -15"><span class='ocrx_word' id='word_1_168' title='bbox 139 1585 405 1642; x_wconf 85' lang='lat' dir='ltr'><strong>adscriptam</strong></span> <span class='ocrx_word' id='word_1_169' title='bbox 437 1587 648 1630; x_wconf 88' lang='lat' dir='ltr'><strong>cernimus</strong></span> <span class='ocrx_word' id='word_1_170' title='bbox 684 1587 913 1631; x_wconf 90' lang='lat' dir='ltr'><strong>lectionem</strong></span> <span class='ocrx_word' id='word_1_171' title='bbox 954 1581 1160 1630; x_wconf 76' lang='grc' dir='ltr'><em>ἀναλοῦν.</em></span> <span class='ocrx_word' id='word_1_172' title='bbox 1220 1600 1348 1642; x_wconf 90' lang='lat' dir='ltr'><strong>porro</strong></span> <span class='ocrx_word' id='word_1_173' title='bbox 1378 1588 1406 1630; x_wconf 89' lang='lat' dir='ltr'><strong>l.</strong></span> <span class='ocrx_word' id='word_1_174' title='bbox 1426 1587 1486 1631; x_wconf 90' lang='lat' dir='ltr'><strong>IV</strong></span> <span class='ocrx_word' id='word_1_175' title='bbox 1509 1590 1534 1630; x_wconf 90' lang='grc'><strong>6</strong></span> <span class='ocrx_word' id='word_1_176' title='bbox 1565 1601 1694 1644; x_wconf 91' lang='lat' dir='ltr'><strong>quem</strong></span> 
     </span>
     <span class='ocr_line' id='line_1_22' title="bbox 138 1654 1694 1700; baseline 0.001 -2"><span class='ocrx_word' id='word_1_177' title='bbox 138 1654 196 1698; x_wconf 89' lang='lat' dir='ltr'><strong>ad</strong></span> <span class='ocrx_word' id='word_1_178' title='bbox 236 1654 413 1698; x_wconf 90' lang='lat' dir='ltr'><strong>modum</strong></span> <span class='ocrx_word' id='word_1_179' title='bbox 454 1656 498 1697; x_wconf 89' lang='lat' dir='ltr'><strong>in</strong></span> <span class='ocrx_word' id='word_1_180' title='bbox 538 1655 659 1699; x_wconf 90' lang='lat' dir='ltr'><strong>libris</strong></span> <span class='ocrx_word' id='word_1_181' title='bbox 699 1655 811 1698; x_wconf 87' lang='lat' dir='ltr'><strong>CXZ</strong></span> <span class='ocrx_word' id='word_1_182' title='bbox 850 1656 952 1699; x_wconf 88' lang='lat' dir='ltr'><strong>item</strong></span> <span class='ocrx_word' id='word_1_183' title='bbox 991 1656 1035 1698; x_wconf 90' lang='lat' dir='ltr'><strong>in</strong></span> <span class='ocrx_word' id='word_1_184' title='bbox 1078 1656 1267 1699; x_wconf 87' lang='lat' dir='ltr'><strong>editione</strong></span> <span class='ocrx_word' id='word_1_185' title='bbox 1307 1656 1494 1699; x_wconf 88' lang='lat' dir='ltr'><strong>Frobeni</strong></span> <span class='ocrx_word' id='word_1_186' title='bbox 1534 1657 1694 1700; x_wconf 88' lang='lat' dir='ltr'><strong>omissa</strong></span> 
     </span>
     <span class='ocr_line' id='line_1_23' title="bbox 139 1720 1694 1779; baseline 0.001 -13"><span class='ocrx_word' id='word_1_187' title='bbox 139 1722 337 1766; x_wconf 88' lang='lat' dir='ltr'><strong>videmus</strong></span> <span class='ocrx_word' id='word_1_188' title='bbox 398 1723 615 1766; x_wconf 87' lang='lat' dir='ltr'><strong>vocabula</strong></span> <span class='ocrx_word' id='word_1_189' title='bbox 663 1724 727 1779; x_wconf 73' lang='grc' dir='ltr'><strong>τῷ</strong></span> <span class='ocrx_word' id='word_1_190' title='bbox 777 1721 857 1776; x_wconf 86' lang='grc' dir='ltr'><strong>μὲν</strong></span> <span class='ocrx_word' id='word_1_191' title='bbox 907 1720 1095 1777; x_wconf 77' lang='grc' dir='ltr'><em>μύωπος</em></span> <span class='ocrx_word' id='word_1_192' title='bbox 1146 1721 1226 1765; x_wconf 79' lang='grc' dir='ltr'><em>δεῖ.</em></span> <span class='ocrx_word' id='word_1_193' title='bbox 1306 1724 1442 1767; x_wconf 86' lang='lat' dir='ltr'><strong>oratio</strong></span> <span class='ocrx_word' id='word_1_194' title='bbox 1489 1724 1694 1768; x_wconf 87' lang='lat' dir='ltr'><strong>lacunosa</strong></span> 
     </span>
     <span class='ocr_line' id='line_1_24' title="bbox 139 1791 1694 1847; baseline 0.001 -12"><span class='ocrx_word' id='word_1_195' title='bbox 139 1804 234 1835; x_wconf 88' lang='lat' dir='ltr'><strong>esse</strong></span> <span class='ocrx_word' id='word_1_196' title='bbox 272 1792 480 1835; x_wconf 86' lang='lat' dir='ltr'><strong>asterisco</strong></span> <span class='ocrx_word' id='word_1_197' title='bbox 519 1791 664 1835; x_wconf 90' lang='lat' dir='ltr'><strong>medio</strong></span> <span class='ocrx_word' id='word_1_198' title='bbox 701 1793 744 1834; x_wconf 93' lang='lat' dir='ltr'><strong>in</strong></span> <span class='ocrx_word' id='word_1_199' title='bbox 782 1796 903 1835; x_wconf 87' lang='lat' dir='ltr'><strong>textu</strong></span> <span class='ocrx_word' id='word_1_200' title='bbox 944 1792 1085 1847; x_wconf 91' lang='lat' dir='ltr'><strong>posito</strong></span> <span class='ocrx_word' id='word_1_201' title='bbox 1126 1792 1169 1834; x_wconf 90' lang='lat' dir='ltr'><strong>in</strong></span> <span class='ocrx_word' id='word_1_202' title='bbox 1201 1791 1391 1835; x_wconf 89' lang='lat' dir='ltr'><strong>editione</strong></span> <span class='ocrx_word' id='word_1_203' title='bbox 1421 1792 1694 1836; x_wconf 88' lang='lat' dir='ltr'><strong>Frobeniana</strong></span> 
     </span>
     <span class='ocr_line' id='line_1_25' title="bbox 137 1859 1691 1916; baseline 0.001 -14"><span class='ocrx_word' id='word_1_204' title='bbox 137 1859 364 1915; x_wconf 85' lang='lat' dir='ltr'><strong>indicatur,</strong></span> <span class='ocrx_word' id='word_1_205' title='bbox 396 1859 576 1915; x_wconf 89' lang='lat' dir='ltr'><strong>perinde</strong></span> <span class='ocrx_word' id='word_1_206' title='bbox 599 1860 642 1902; x_wconf 92' lang='lat' dir='ltr'><strong>in</strong></span> <span class='ocrx_word' id='word_1_207' title='bbox 664 1859 775 1903; x_wconf 90' lang='lat' dir='ltr'><strong>libro</strong></span> <span class='ocrx_word' id='word_1_208' title='bbox 798 1860 830 1902; x_wconf 91' lang='lat' dir='ltr'>Z</span> <span class='ocrx_word' id='word_1_209' title='bbox 852 1859 1012 1904; x_wconf 88' lang='lat' dir='ltr'><strong>factum</strong></span> <span class='ocrx_word' id='word_1_210' title='bbox 1034 1864 1110 1904; x_wconf 87' lang='lat' dir='ltr'><strong>est.</strong></span> <span class='ocrx_word' id='word_1_211' title='bbox 1152 1864 1370 1916; x_wconf 90' lang='lat' dir='ltr'><strong>postremo</strong></span> <span class='ocrx_word' id='word_1_212' title='bbox 1392 1860 1435 1903; x_wconf 93' lang='lat' dir='ltr'><strong>in</strong></span> <span class='ocrx_word' id='word_1_213' title='bbox 1458 1860 1691 1905; x_wconf 91' lang='lat' dir='ltr'><strong>editionem</strong></span> 
     </span>
     <span class='ocr_line' id='line_1_26' title="bbox 135 1929 1691 1985; baseline 0.001 -14"><span class='ocrx_word' id='word_1_214' title='bbox 135 1929 374 1984; x_wconf 88' lang='lat' dir='ltr'><strong>principem</strong></span> <span class='ocrx_word' id='word_1_215' title='bbox 415 1933 614 1984; x_wconf 85' lang='lat' dir='ltr'><strong>receptas</strong></span> <span class='ocrx_word' id='word_1_216' title='bbox 652 1929 851 1973; x_wconf 87' lang='lat' dir='ltr'><strong>videmus</strong></span> <span class='ocrx_word' id='word_1_217' title='bbox 897 1942 1046 1973; x_wconf 88' lang='lat' dir='ltr'><strong>omnes</strong></span> <span class='ocrx_word' id='word_1_218' title='bbox 1087 1942 1160 1973; x_wconf 87' lang='lat' dir='ltr'><strong>eas</strong></span> <span class='ocrx_word' id='word_1_219' title='bbox 1200 1930 1489 1984; x_wconf 88' lang='lat' dir='ltr'><strong>coniecturas,</strong></span> <span class='ocrx_word' id='word_1_220' title='bbox 1536 1931 1691 1985; x_wconf 92' lang='lat' dir='ltr'><strong>quibus</strong></span> 
     </span>
     <span class='ocr_line' id='line_1_27' title="bbox 134 1997 1691 2054; baseline 0.001 -13"><span class='ocrx_word' id='word_1_221' title='bbox 134 1998 279 2041; x_wconf 87' lang='lat' dir='ltr'><strong>obruit</strong></span> <span class='ocrx_word' id='word_1_222' title='bbox 309 2001 526 2041; x_wconf 84' lang='lat' dir='ltr'><strong>corrector</strong></span> <span class='ocrx_word' id='word_1_223' title='bbox 547 1997 602 2040; x_wconf 82' lang='lat' dir='ltr'><strong>Z2</strong></span> <span class='ocrx_word' id='word_1_224' title='bbox 633 1997 887 2041; x_wconf 89' lang='lat' dir='ltr'><strong>memoriam</strong></span> <span class='ocrx_word' id='word_1_225' title='bbox 917 1998 1019 2041; x_wconf 88' lang='lat' dir='ltr'><strong>libri</strong></span> <span class='ocrx_word' id='word_1_226' title='bbox 1041 1998 1073 2040; x_wconf 92' lang='lat' dir='ltr'>Z</span> <span class='ocrx_word' id='word_1_227' title='bbox 1105 1998 1174 2049; x_wconf 89' lang='lat' dir='ltr'><strong>(cf.</strong></span> <span class='ocrx_word' id='word_1_228' title='bbox 1199 2011 1330 2053; x_wconf 89' lang='lat' dir='ltr'><strong>supra</strong></span> <span class='ocrx_word' id='word_1_229' title='bbox 1350 2011 1421 2054; x_wconf 86' lang='lat' dir='ltr'><strong>pg.</strong></span> <span class='ocrx_word' id='word_1_230' title='bbox 1450 2002 1559 2048; x_wconf 83' lang='lat'>151).</span> <span class='ocrx_word' id='word_1_231' title='bbox 1592 1998 1691 2043; x_wconf 90' lang='lat' dir='ltr'><strong>hinc</strong></span> 
     </span>
     <span class='ocr_line' id='line_1_28' title="bbox 134 2066 1690 2122; baseline 0.002 -13"><span class='ocrx_word' id='word_1_232' title='bbox 134 2066 408 2111; x_wconf 87' lang='lat' dir='ltr'><strong>manifestum</strong></span> <span class='ocrx_word' id='word_1_233' title='bbox 447 2066 495 2110; x_wconf 89' lang='lat' dir='ltr'><strong>fit</strong></span> <span class='ocrx_word' id='word_1_234' title='bbox 534 2067 690 2110; x_wconf 91' lang='lat' dir='ltr'><strong>librum</strong></span> <span class='ocrx_word' id='word_1_235' title='bbox 725 2066 934 2110; x_wconf 86' lang='lat' dir='ltr'><strong>Matthaei</strong></span> <span class='ocrx_word' id='word_1_236' title='bbox 966 2067 1179 2121; x_wconf 89' lang='lat' dir='ltr'><strong>Aurigalli</strong></span> <span class='ocrx_word' id='word_1_237' title='bbox 1217 2066 1518 2122; x_wconf 87' lang='lat' dir='ltr'><strong>apographum</strong></span> <span class='ocrx_word' id='word_1_238' title='bbox 1556 2068 1690 2113; x_wconf 88' lang='lat' dir='ltr'><strong>fuisse</strong></span> 
     </span>
     <span class='ocr_line' id='line_1_29' title="bbox 133 2134 1689 2191; baseline 0.002 -15"><span class='ocrx_word' id='word_1_239' title='bbox 133 2135 232 2178; x_wconf 92' lang='lat' dir='ltr'><strong>libri</strong></span> <span class='ocrx_word' id='word_1_240' title='bbox 264 2135 297 2177; x_wconf 92' lang='lat' dir='ltr'>Z</span> <span class='ocrx_word' id='word_1_241' title='bbox 339 2135 534 2178; x_wconf 89' lang='lat' dir='ltr'><strong>correcti.</strong></span> <span class='ocrx_word' id='word_1_242' title='bbox 596 2135 803 2189; x_wconf 91' lang='lat' dir='ltr'><strong>putabam</strong></span> <span class='ocrx_word' id='word_1_243' title='bbox 845 2134 1047 2189; x_wconf 90' lang='lat' dir='ltr'><strong>equidem</strong></span> <span class='ocrx_word' id='word_1_244' title='bbox 1086 2135 1299 2191; x_wconf 90' lang='lat' dir='ltr'><strong>principio</strong></span> <span class='ocrx_word' id='word_1_245' title='bbox 1338 2134 1460 2179; x_wconf 91' lang='lat' dir='ltr'><strong>illum</strong></span> <span class='ocrx_word' id='word_1_246' title='bbox 1496 2136 1689 2180; x_wconf 92' lang='lat' dir='ltr'><strong>codicem</strong></span> 
     </span>
     <span class='ocr_line' id='line_1_30' title="bbox 133 2202 1689 2258; baseline 0.001 -12"><span class='ocrx_word' id='word_1_247' title='bbox 133 2202 318 2247; x_wconf 90' lang='lat' dir='ltr'><strong>eundem</strong></span> <span class='ocrx_word' id='word_1_248' title='bbox 371 2216 466 2248; x_wconf 87' lang='lat' dir='ltr'><strong>esse</strong></span> <span class='ocrx_word' id='word_1_249' title='bbox 512 2207 644 2258; x_wconf 88' lang='lat' dir='ltr'><strong>atque</strong></span> <span class='ocrx_word' id='word_1_250' title='bbox 690 2203 844 2246; x_wconf 89' lang='lat' dir='ltr'><strong>librum</strong></span> <span class='ocrx_word' id='word_1_251' title='bbox 887 2203 942 2245; x_wconf 91' lang='lat' dir='ltr'><strong>Z:</strong></span> <span class='ocrx_word' id='word_1_252' title='bbox 998 2202 1076 2246; x_wconf 89' lang='lat' dir='ltr'><strong>sed</strong></span> <span class='ocrx_word' id='word_1_253' title='bbox 1117 2202 1199 2247; x_wconf 93' lang='lat' dir='ltr'><strong>hoc</strong></span> <span class='ocrx_word' id='word_1_254' title='bbox 1243 2204 1315 2247; x_wconf 86' lang='lat' dir='ltr'><strong>vel</strong></span> <span class='ocrx_word' id='word_1_255' title='bbox 1355 2204 1409 2247; x_wconf 93' lang='lat' dir='ltr'><strong>ob</strong></span> <span class='ocrx_word' id='word_1_256' title='bbox 1453 2217 1548 2248; x_wconf 90' lang='lat' dir='ltr'><strong>eam</strong></span> <span class='ocrx_word' id='word_1_257' title='bbox 1589 2217 1689 2248; x_wconf 89' lang='lat' dir='ltr'><strong>cau-</strong></span> 
     </span>
     <span class='ocr_line' id='line_1_31' title="bbox 133 2271 1689 2328; baseline -0.001 -12"><span class='ocrx_word' id='word_1_258' title='bbox 133 2285 225 2316; x_wconf 86' lang='lat' dir='ltr'><strong>sam</strong></span> <span class='ocrx_word' id='word_1_259' title='bbox 258 2273 377 2317; x_wconf 91' lang='lat' dir='ltr'><strong>credi</strong></span> <span class='ocrx_word' id='word_1_260' title='bbox 406 2273 556 2328; x_wconf 87' lang='lat' dir='ltr'><strong>nequit</strong></span> <span class='ocrx_word' id='word_1_261' title='bbox 587 2272 703 2328; x_wconf 90' lang='lat' dir='ltr'><strong>quod</strong></span> <span class='ocrx_word' id='word_1_262' title='bbox 735 2271 877 2316; x_wconf 91' lang='lat' dir='ltr'><strong>codex</strong></span> <span class='ocrx_word' id='word_1_263' title='bbox 907 2271 941 2315; x_wconf 92' lang='lat' dir='ltr'>Z</span> <span class='ocrx_word' id='word_1_264' title='bbox 974 2275 1257 2327; x_wconf 87' lang='lat' dir='ltr'><strong>posteaquam</strong></span> <span class='ocrx_word' id='word_1_265' title='bbox 1293 2276 1549 2328; x_wconf 89' lang='lat' dir='ltr'><strong>procurante</strong></span> <span class='ocrx_word' id='word_1_266' title='bbox 1579 2272 1689 2316; x_wconf 83' lang='lat' dir='ltr'><strong>Mar·</strong></span> 
     </span>
     <span class='ocr_line' id='line_1_32' title="bbox 132 2341 1687 2397; baseline 0 -11"><span class='ocrx_word' id='word_1_267' title='bbox 132 2342 231 2386; x_wconf 88' lang='lat' dir='ltr'><strong>silio</strong></span> <span class='ocrx_word' id='word_1_268' title='bbox 269 2342 421 2386; x_wconf 85' lang='lat' dir='ltr'><strong>Ficino</strong></span> <span class='ocrx_word' id='word_1_269' title='bbox 467 2344 787 2394; x_wconf 87' lang='lat'>(1433—1499)</span> <span class='ocrx_word' id='word_1_270' title='bbox 828 2342 872 2385; x_wconf 92' lang='lat' dir='ltr'><strong>in</strong></span> <span class='ocrx_word' id='word_1_271' title='bbox 902 2342 1222 2397; x_wconf 88' lang='lat' dir='ltr'><strong>possessionem</strong></span> <span class='ocrx_word' id='word_1_272' title='bbox 1254 2341 1491 2397; x_wconf 89' lang='lat' dir='ltr'><strong>Boguslavi</strong></span> <span class='ocrx_word' id='word_1_273' title='bbox 1522 2356 1549 2385; x_wconf 92' lang='lat' dir='ltr'><strong>a</strong></span> <span class='ocrx_word' id='word_1_274' title='bbox 1578 2342 1687 2386; x_wconf 92' lang='lat' dir='ltr'><strong>Lob-</strong></span> 
     </span>
     <span class='ocr_line' id='line_1_33' title="bbox 131 2409 1688 2466; baseline 0.002 -13"><span class='ocrx_word' id='word_1_275' title='bbox 131 2411 292 2455; x_wconf 87' lang='lat' dir='ltr'><strong>kowitz</strong></span> <span class='ocrx_word' id='word_1_276' title='bbox 325 2414 395 2462; x_wconf 73' lang='grc'>(-1-</span> <span class='ocrx_word' id='word_1_277' title='bbox 430 2414 556 2460; x_wconf 85' lang='grc'>1510)</span> <span class='ocrx_word' id='word_1_278' title='bbox 595 2412 808 2466; x_wconf 89' lang='lat' dir='ltr'><strong>pervenit,</strong></span> <span class='ocrx_word' id='word_1_279' title='bbox 847 2423 933 2454; x_wconf 92' lang='lat' dir='ltr'><strong>non</strong></span> <span class='ocrx_word' id='word_1_280' title='bbox 969 2410 1099 2454; x_wconf 88' lang='lat' dir='ltr'><strong>desiit</strong></span> <span class='ocrx_word' id='word_1_281' title='bbox 1127 2410 1185 2453; x_wconf 88' lang='lat' dir='ltr'><strong>ad</strong></span> <span class='ocrx_word' id='word_1_282' title='bbox 1224 2409 1532 2454; x_wconf 91' lang='lat' dir='ltr'><strong>bibliothecam</strong></span> <span class='ocrx_word' id='word_1_283' title='bbox 1563 2410 1688 2456; x_wconf 88' lang='lat' dir='ltr'><strong>huius</strong></span> 
     </span>
     <span class='ocr_line' id='line_1_34' title="bbox 131 2478 1687 2535; baseline 0 -12"><span class='ocrx_word' id='word_1_284' title='bbox 131 2481 213 2523; x_wconf 87' lang='lat' dir='ltr'><strong>viri</strong></span> <span class='ocrx_word' id='word_1_285' title='bbox 252 2480 412 2524; x_wconf 92' lang='lat' dir='ltr'><strong>nobilis</strong></span> <span class='ocrx_word' id='word_1_286' title='bbox 450 2480 668 2535; x_wconf 88' lang='lat' dir='ltr'><strong>pertinere</strong></span> <span class='ocrx_word' id='word_1_287' title='bbox 708 2493 848 2535; x_wconf 92' lang='lat' dir='ltr'><strong>neque</strong></span> <span class='ocrx_word' id='word_1_288' title='bbox 890 2492 1094 2534; x_wconf 90' lang='lat' dir='ltr'><strong>umquam</strong></span> <span class='ocrx_word' id='word_1_289' title='bbox 1134 2491 1270 2534; x_wconf 88' lang='lat' dir='ltr'><strong>usque</strong></span> <span class='ocrx_word' id='word_1_290' title='bbox 1316 2478 1372 2522; x_wconf 88' lang='lat' dir='ltr'><strong>ad</strong></span> <span class='ocrx_word' id='word_1_291' title='bbox 1413 2478 1526 2523; x_wconf 88' lang='lat' dir='ltr'><strong>hunc</strong></span> <span class='ocrx_word' id='word_1_292' title='bbox 1571 2479 1687 2524; x_wconf 92' lang='lat' dir='ltr'><strong>diem</strong></span> 
     </span>
     <span class='ocr_line' id='line_1_35' title="bbox 133 2548 1689 2604; baseline 0 -13"><span class='ocrx_word' id='word_1_293' title='bbox 133 2562 187 2592; x_wconf 90' lang='lat' dir='ltr'><strong>ex</strong></span> <span class='ocrx_word' id='word_1_294' title='bbox 209 2550 388 2593; x_wconf 85' lang='lat' dir='ltr'><strong>castello</strong></span> <span class='ocrx_word' id='word_1_295' title='bbox 411 2548 703 2592; x_wconf 89' lang='lat' dir='ltr'><strong>Raudnitiano</strong></span> <span class='ocrx_word' id='word_1_296' title='bbox 736 2549 873 2592; x_wconf 89' lang='lat' dir='ltr'><strong>elatus</strong></span> <span class='ocrx_word' id='word_1_297' title='bbox 902 2552 979 2592; x_wconf 88' lang='lat' dir='ltr'><strong>est.</strong></span> <span class='ocrx_word' id='word_1_298' title='bbox 1031 2548 1238 2604; x_wconf 88' lang='lat' dir='ltr'><strong>proclivis</strong></span> <span class='ocrx_word' id='word_1_299' title='bbox 1268 2552 1411 2592; x_wconf 90' lang='lat' dir='ltr'><strong>autem</strong></span> <span class='ocrx_word' id='word_1_300' title='bbox 1442 2548 1689 2592; x_wconf 90' lang='lat' dir='ltr'><strong>coniectura</strong></span> 
     </span>
     <span class='ocr_line' id='line_1_36' title="bbox 133 2615 1686 2674; baseline -0.002 -13"><span class='ocrx_word' id='word_1_301' title='bbox 133 2621 198 2661; x_wconf 85' lang='lat' dir='ltr'><strong>est</strong></span> <span class='ocrx_word' id='word_1_302' title='bbox 241 2617 540 2674; x_wconf 88' lang='lat' dir='ltr'><strong>apographum</strong></span> <span class='ocrx_word' id='word_1_303' title='bbox 585 2617 701 2662; x_wconf 89' lang='lat' dir='ltr'><strong>istud</strong></span> <span class='ocrx_word' id='word_1_304' title='bbox 755 2617 918 2662; x_wconf 89' lang='lat' dir='ltr'><strong>codicis</strong></span> <span class='ocrx_word' id='word_1_305' title='bbox 969 2616 1002 2659; x_wconf 92' lang='lat' dir='ltr'>Z</span> <span class='ocrx_word' id='word_1_306' title='bbox 1048 2617 1103 2660; x_wconf 89' lang='lat' dir='ltr'><strong>ab</strong></span> <span class='ocrx_word' id='word_1_307' title='bbox 1150 2617 1245 2672; x_wconf 90' lang='lat' dir='ltr'><strong>ipso</strong></span> <span class='ocrx_word' id='word_1_308' title='bbox 1294 2615 1515 2660; x_wconf 88' lang='lat' dir='ltr'><strong>Matthaeo</strong></span> <span class='ocrx_word' id='word_1_309' title='bbox 1564 2616 1686 2659; x_wconf 90' lang='lat' dir='ltr'><strong>Auri-</strong></span> 
     </span>
     <span class='ocr_line' id='line_1_37' title="bbox 132 2684 1688 2742; baseline -0.001 -14"><span class='ocrx_word' id='word_1_310' title='bbox 132 2687 249 2741; x_wconf 86' lang='lat' dir='ltr'><strong>gallo</strong></span> <span class='ocrx_word' id='word_1_311' title='bbox 282 2690 373 2736; x_wconf 87' lang='lat' dir='ltr'><strong>(seu</strong></span> <span class='ocrx_word' id='word_1_312' title='bbox 404 2688 660 2742; x_wconf 89' lang='lat' dir='ltr'><strong>Aurogallo)</strong></span> <span class='ocrx_word' id='word_1_313' title='bbox 691 2687 952 2731; x_wconf 90' lang='lat' dir='ltr'><strong>Raudnitiae</strong></span> <span class='ocrx_word' id='word_1_314' title='bbox 982 2686 1222 2730; x_wconf 86' lang='lat' dir='ltr'><strong>confectum</strong></span> <span class='ocrx_word' id='word_1_315' title='bbox 1256 2699 1373 2730; x_wconf 86' lang='lat' dir='ltr'><strong>esse:</strong></span> <span class='ocrx_word' id='word_1_316' title='bbox 1400 2697 1587 2739; x_wconf 89' lang='lat' dir='ltr'><strong>namque</strong></span> <span class='ocrx_word' id='word_1_317' title='bbox 1608 2684 1688 2728; x_wconf 90' lang='lat' dir='ltr'><strong>fuit</strong></span> 
     </span>
    </p>
   </div>
  </div>
 </body>
</html>
