1861 3229
115 179 198 216 116
711 173 879 218 Edgarus
904 172 1062 208 Martini.

111 307 209 337 cum
248 293 289 334 in
330 291 450 333 libris
489 287 660 331 I—VII
698 288 820 330 nulla
860 287 970 330 inter
1017 286 1190 331 codices
1220 287 1256 329 Β
1288 291 1331 331 et
1360 300 1388 341 γ
1424 289 1664 333 intercedat

111 361 234 411 ratio,
266 359 308 400 in
339 357 458 400 libris
481 355 685 399 VIII—X
706 356 803 411 plus
825 368 955 410 quam
981 356 1116 399 semel
1146 368 1175 408 γ
1205 368 1301 400 cum
1333 356 1368 399 B
1391 360 1434 400 et
1453 357 1503 413 L,
1535 369 1660 412 quem

110 426 301 471 codicem
323 428 417 466 arta
438 424 695 477 cognatione
718 437 815 466 cum
837 424 974 466 classe
995 423 1025 474 β
1046 424 1256 466 contineri
1277 422 1386 467 infra
1408 438 1449 479 p.
1475 426 1554 467 133
1568 437 1662 480 sqq.

109 492 313 549 probabo,
331 491 374 533 in
390 491 510 535 vitiis
526 491 775 546 conspirare
792 490 991 535 videmus
1004 491 1072 543 (cf.
1088 491 1260 535 interim
1276 495 1533 547 apparatum
1549 493 1662 536 criti-

106 574 202 604 cum
220 572 346 613 quem
365 558 583 603 Usenerus
597 559 904 614 Epicureorum
921 573 992 614 pg.
1007 560 1148 602 3—32
1168 558 1226 602 ad
1243 559 1417 615 Epicuri
1435 560 1664 615 epistulam

109 628 165 671 ad
196 626 466 670 Herodotum
497 627 644 670 datam
674 627 1004 683 diligentissime
1042 627 1285 682 congessit:
1332 627 1406 670 ubi
1438 627 1554 683 quod
1584 641 1663 683 pro

108 695 259 739 codice
282 694 319 736 D
343 695 435 739 eius
456 695 756 751 apographum
777 695 816 738 Gr
837 694 1078 738 abhibitum
1101 699 1166 738 est
1185 694 1295 737 nihil
1317 694 1480 748 refert).
1522 707 1663 750 neque

107 776 211 806 vero
242 763 300 806 ad
332 767 553 807 extremae
584 765 718 819 partis
751 764 941 818 exempli
970 776 998 816 γ
1029 762 1326 806 condicionem
1359 762 1662 818 explicandam

109 831 270 876 sufficit
290 832 411 874 illam
433 833 795 876 contaminatione
816 832 1016 876 codicum
1039 831 1111 875 BL
1133 835 1303 875 enatam
1326 844 1420 875 esse
1450 831 1662 875 arbitrari.

110 913 222 954 quae
255 901 468 943 sententia
498 901 568 943 vel
601 901 699 944 ideo
730 901 951 944 reicienda
983 905 1062 955 est,
1095 900 1210 955 quod
1232 901 1273 943 D
1294 901 1483 955 aliquam
1508 901 1663 944 multas

110 968 328 1023 perbonas
374 968 567 1011 servavit
616 968 823 1012 lectiones
875 973 993 1012 certo
1040 982 1125 1012 non
1176 969 1423 1012 coniectura
1467 969 1664 1012 inventas

113 1036 352 1078 errantibus
383 1036 505 1078 libris
528 1035 612 1077 BL.
685 1037 1030 1080 concludendum
1062 1037 1192 1091 igitur
1222 1037 1365 1090 potius
1397 1040 1461 1079 est
1491 1036 1663 1080 ultimos

111 1103 273 1146 codicis
303 1116 331 1155 γ
362 1103 493 1146 libros
533 1104 836 1157 transscriptos
878 1116 973 1147 esse
1010 1117 1065 1146 ex
1098 1102 1247 1146 codice
1278 1104 1424 1157 aliquo
1456 1104 1605 1147 classis
1635 1105 1665 1157 β

110 1171 184 1225 qui
216 1171 360 1213 multis
392 1169 567 1224 quidem
598 1170 704 1213 locis
734 1169 907 1214 fidelius
939 1183 1068 1225 quam
1091 1170 1126 1212 B
1158 1169 1384 1226 archetypi
1414 1171 1665 1213 memoriam

109 1242 475 1293 repraesentaret,
523 1239 566 1280 in
604 1239 854 1282 universum
896 1245 1039 1282 autem
1081 1238 1243 1282 codicis
1282 1238 1317 1281 B
1356 1239 1664 1294 praestantiam

108 1305 225 1347 haud
264 1311 484 1360 aequaret.
554 1319 704 1349 verum
752 1306 806 1349 de
847 1306 929 1350 hac
967 1320 1012 1349 re
1054 1308 1141 1350 alio
1185 1308 1282 1350 loco
1322 1307 1539 1361 copiosius
1579 1307 1664 1350 dis-

108 1374 361 1428 ceptabitur.

223 1440 388 1492 Quibus
420 1442 636 1497 expeditis
675 1446 944 1486 correcturae
982 1442 1180 1485 codicum
1213 1442 1248 1484 F
1270 1441 1384 1485 DGS
1418 1442 1664 1497 expenden-

112 1510 196 1552 dae
226 1514 337 1553 sunt.
397 1514 526 1564 atque
565 1511 677 1553 liber
707 1511 741 1552 F
773 1510 948 1565 quidem
988 1511 1150 1554 omissa
1187 1523 1316 1553 manu
1347 1511 1404 1553 F²
1435 1510 1543 1553 duos
1574 1524 1663 1553 cor-

112 1583 301 1622 rectores
332 1583 511 1622 nanctus
543 1583 630 1622 est:
672 1593 850 1633 quorum
892 1579 1001 1622 alter
1030 1578 1119 1629 (1⁴³3)
1152 1583 1220 1622 sat
1249 1578 1400 1623 habuit
1429 1580 1563 1623 tribus
1593 1580 1664 1623 vel

114 1650 316 1700 quattuor
336 1647 445 1689 locis
467 1647 632 1688 variam
654 1647 884 1689 lectionem
904 1647 1088 1699 margini
1110 1646 1406 1701 adscripsisse.
1456 1648 1529 1700 qui
1550 1647 1664 1689 unde

112 1727 191 1758 sua
234 1714 510 1758 arcessiverit
551 1713 755 1758 discimus
800 1715 1071 1770 potissimum
1111 1714 1365 1758 lectionibus
1411 1715 1569 1771 φθορᾶ
1608 1714 1665 1758 ad

112 1783 368 1837 scripturam
408 1783 529 1837 φορᾶ
564 1783 592 1823 l.
624 1783 644 1823 I
675 1785 729 1824 96
762 1788 804 1825 et
841 1782 1027 1836 βιώσεις
1068 1785 1106 1834 (ς
1136 1782 1350 1836 posterius
1389 1784 1432 1824 in
1471 1788 1663 1826 extremo

111 1851 305 1905 margine
328 1853 599 1896 conlocatum
621 1852 855 1895 maximam
878 1856 1045 1908 partem
1067 1856 1279 1896 resectum
1303 1850 1385 1906 est)
1408 1850 1464 1895 ad
1485 1850 1665 1896 verbum

108 1918 267 1975 γενήση
300 1921 326 1961 l.
349 1921 465 1961 1127
499 1920 707 1975 adpictis:
751 1934 861 1974 quae
893 1921 1005 1963 duae
1037 1921 1244 1963 lectiones
1276 1933 1438 1974 pravae
1469 1919 1665 1962 codicum

110 1987 224 2031 DGS
246 1988 449 2043 propriae
472 1993 571 2032 sunt
591 1989 660 2038 (cf.
684 1989 814 2032 etiam
836 2002 908 2044 pg.
935 1991 1044 2039 115).
1097 1989 1206 2032 alter
1227 1992 1441 2032 corrector
1463 1986 1554 2040 (F4)
1575 1987 1662 2030 lau-

110 2056 246 2098 dabili
286 2056 516 2110 diligentia
556 2057 712 2099 librum
750 2058 785 2098 F
826 2071 853 2099 a
883 2057 1026 2110 capite
1063 2057 1120 2099 ad
1167 2057 1330 2099 calcem
1374 2056 1665 2109 pertractavit.

112 2137 197 2178 quo
228 2125 272 2166 in
302 2125 477 2178 negotio
518 2137 621 2168 usus
662 2128 727 2168 est
763 2124 914 2167 codice
945 2123 1134 2167 familiae
1166 2126 1195 2178 β
1225 2123 1377 2166 adfini:
1423 2122 1538 2177 quod
1569 2135 1665 2165 cum

112 2205 167 2234 ex
207 2193 441 2236 innumeris
482 2193 677 2235 familiae
708 2205 738 2231 α
769 2192 888 2234 vitiis
920 2192 1183 2244 emendatis,
1226 2197 1314 2234 tum
1350 2190 1518 2233 mendis
1549 2189 1667 2233 haud

114 2260 264 2315 paucis
297 2273 320 2303 e
350 2260 516 2305 familia
545 2260 576 2314 β
604 2261 789 2306 invectis
822 2260 1047 2304 evincitur.
1109 2272 1259 2304 verum
1301 2259 1345 2303 in
1386 2257 1453 2303 his
1490 2271 1665 2316 percen-

114 2328 260 2371 sendis
300 2330 519 2372 immorari
558 2331 680 2378 nolo;
732 2330 935 2372 indicabo
976 2330 1119 2383 potius
1163 2330 1306 2372 statim
1347 2342 1420 2372 eas
1459 2329 1666 2372 lectiones

113 2396 228 2439 unde
260 2400 544 2440 correctorem
566 2397 622 2439 F4
654 2397 850 2441 codicem
875 2397 1132 2440 Vaticanum
1162 2410 1223 2450 gr.
1244 2410 1305 2439 nr.
1332 2399 1410 2439 140
1433 2396 1515 2447 (W)
1547 2410 1665 2440 usur-

114 2478 242 2518 passe
274 2465 429 2519 liquet:
461 2465 483 2506 I
507 2467 557 2507 13
589 2465 646 2508 ad
674 2467 809 2522 χηνέα
840 2466 897 2508 F4
922 2464 1154 2519 adscripsit
1181 2468 1334 2520 χωνία,
1367 2478 1478 2520 quae
1509 2465 1668 2508 vitiosa

113 2532 324 2587 scriptura
344 2532 389 2575 in
411 2546 509 2587 uno,
544 2533 658 2589 quod
681 2535 829 2588 sciam,
852 2533 906 2577 W
930 2533 1105 2577 obviam
1135 2532 1205 2583 fit;
1236 2534 1257 2576 I
1280 2535 1333 2575 32
1355 2534 1411 2577 F4
1441 2532 1668 2576 adnotavit

112 2600 169 2643 ad
199 2615 352 2644 nomen
389 2601 602 2656 λεβεόίων
644 2604 873 2646 lectionem
911 2600 1156 2656 λεβανόίων
1195 2602 1277 2647 nisi
1317 2604 1361 2645 in
1391 2602 1444 2644 W
1474 2602 1518 2643 in
1548 2600 1666 2643 nullo

113 2668 224 2710 libro
256 2674 570 2724 occurrentem;
602 2670 766 2713 ibidem
798 2671 920 2714 iuxta
950 2669 1131 2713 verbum
1154 2669 1309 2713 δοῦναι
1330 2669 1476 2725 posuit
1495 2669 1551 2711 F4
1572 2680 1666 2723 per-
