1861 3229
735 160 911 196 Analecta
936 161 1144 199 Laertiana.
1635 164 1653 198 1
1661 163 1683 201 6
1692 163 1712 199 7

166 273 282 330 quod
313 279 562 330 reposuerat
590 276 669 331 P4;
700 290 826 332 porro
857 279 883 321 1.
915 279 935 321 I
968 281 1019 322 37
1052 278 1183 322 habet
1214 278 1233 320 I
1263 275 1343 333 τὴν
1383 275 1430 319 δὲ
1464 275 1608 332 ψυχὴν
1641 273 1713 320 εἴ-

165 358 319 399 πορος,
351 340 430 399 τὴν
462 341 509 385 δὲ
541 341 674 400 φύσιν
707 339 997 396 εὐπαίδευτος
1020 350 1090 395 (=
1112 347 1196 400 P1),
1229 359 1324 389 cum
1347 346 1405 388 H¹
1432 347 1476 389 in
1508 346 1711 389 continuo

166 416 387 467 expromat
424 409 503 469 τὴν
535 410 581 455 δὲ
611 411 742 471 τύχην
783 409 994 468 εὔπορος,
1034 411 1112 469 τὴν
1145 412 1190 456 δὲ
1223 411 1367 470 ψυχὴν
1401 409 1708 466 εὐπαίδευτος,

166 478 281 535 quod
311 480 553 524 restituerat
583 481 651 526 Pss.
712 494 818 537 quos
858 483 976 527 locos
1016 482 1168 538 quibus
1210 483 1318 526 alios
1357 484 1557 527 similiter
1589 497 1707 527 com-

163 553 336 604 paratos
375 549 493 593 facili
531 563 663 605 opera
700 550 935 606 adiungere
983 563 1115 606 queas
1162 565 1256 594 cum
1296 552 1435 596 acrius
1478 553 1704 608 intuemur,

164 630 237 661 eos
276 630 370 660 esse
408 616 617 672 videmus,
658 618 731 660 ubi
773 619 815 660 in
857 618 1005 662 codice
1037 619 1077 660 H
1116 619 1322 672 scriptura
1362 634 1512 663 manus
1553 621 1607 661 P1
1649 634 1705 663 ex

163 685 360 741 exemplo
384 683 422 737 Q
442 684 654 729 advocata
673 699 700 729 a
721 685 896 730 librario
917 685 1138 741 adscripta
1169 689 1246 729 est.
1307 687 1422 742 quod
1453 689 1525 743 qui
1557 702 1703 733 secum

161 754 382 809 reputarit,
415 753 609 796 codicem
635 754 656 795 I
677 766 701 796 e
722 753 832 798 libro
854 754 894 796 H
916 754 1148 798 deductum
1173 767 1267 796 esse
1297 759 1481 798 statuere
1514 762 1701 811 cogetur.

278 821 502 865 Correctus
531 825 596 865 est
615 821 725 864 liber
744 822 766 864 Ι
786 823 982 876 plurimis
1010 823 1117 866 locis
1148 836 1175 865 a
1206 821 1415 865 cardinali
1447 822 1701 868 Bessarione

161 891 233 945 qui
266 903 362 932 eum
392 888 655 944 possidebat.
718 903 801 944 quo
843 890 886 932 in
926 891 1098 945 negotio
1139 889 1267 933 homo
1308 890 1382 932 ille
1413 892 1701 945 perlitteratus

160 971 261 1002 usus
292 962 356 1001 est
387 956 535 1000 codice
566 957 782 1001 Marciano
814 972 875 1013 gr.
908 972 969 1001 nr.
1006 960 1086 1002 393
1120 959 1192 1009 (Μ)
1234 959 1306 1013 qui
1338 962 1380 1000 et
1412 959 1506 1013 ipse
1536 960 1580 1002 in
1612 959 1701 1003 eius

160 1026 419 1083 supellectili
449 1030 552 1070 erat.
613 1039 723 1081 quae
755 1040 823 1070 res
854 1031 940 1070 tam
972 1031 1123 1083 aperta
1155 1032 1230 1082 est,
1264 1031 1310 1069 ut
1340 1040 1700 1072 commemorasse

159 1109 254 1139 eam
285 1096 387 1138 satis
418 1094 615 1138 habeam.

274 1164 394 1207 Alter
424 1162 585 1207 codicis
618 1162 657 1205 H
688 1162 799 1207 filius
832 1167 896 1207 est
926 1163 1036 1207 liber
1066 1161 1116 1205 Ε.
1177 1163 1213 1206 is
1245 1176 1341 1206 cum
1381 1162 1605 1208 codicibus
1638 1164 1699 1206 HI

159 1233 202 1274 in
241 1232 356 1274 vitiis
386 1244 456 1285 pg.
492 1233 572 1272 166
587 1245 678 1285 sqq.
713 1233 968 1275 enumeratis
1000 1232 1227 1285 conspirat.
1287 1244 1427 1285 neque
1467 1237 1611 1275 tamen
1643 1246 1696 1276 ex

158 1298 251 1354 hoc,
283 1298 360 1343 sed
381 1311 436 1341 ex
457 1298 531 1342 illo
554 1297 793 1354 descriptus
815 1303 892 1342 est.
954 1299 1068 1354 quod
1089 1298 1189 1342 inde
1212 1297 1394 1341 efficitur
1417 1297 1534 1353 quod
1564 1298 1694 1342 libra·

156 1368 244 1411 rius
275 1367 435 1410 codicis
465 1368 501 1410 E
531 1368 687 1422 insigni
718 1371 846 1421 atque
877 1381 1014 1422 paene
1054 1366 1336 1422 insuperabili
1368 1367 1555 1420 quadam
1588 1368 1695 1411 osci-

157 1436 292 1479 tantia
316 1436 543 1492 plerasque
574 1436 717 1479 varias
747 1436 953 1479 lectiones
984 1449 1010 1478 a
1041 1435 1182 1479 scriba
1203 1435 1264 1477 H1
1296 1434 1340 1477 in
1371 1436 1564 1490 margine
1596 1436 1696 1479 libri

155 1504 196 1547 H
217 1505 459 1548 conlocatas
483 1504 541 1547 ad
571 1517 755 1558 unguem
785 1508 831 1547 ut
861 1505 981 1547 aiunt
1011 1505 1053 1546 in
1086 1508 1333 1547 contextum
1365 1516 1487 1546 suum
1518 1505 1694 1558 recepit.

155 1586 295 1627 pauca
324 1573 525 1627 exempla
555 1572 771 1616 delibabo.
831 1573 859 1614 l.
892 1573 984 1614 147
1018 1572 1061 1613 in
1093 1571 1241 1615 codice
1273 1571 1309 1613 E
1339 1584 1418 1625 pro
1450 1571 1700 1625 Σαλαμινα-

156 1641 304 1697 φετῶν
335 1641 539 1697 scriptum
572 1645 636 1684 est
668 1634 878 1694 σαλαμῖν”
914 1631 942 1696 ἢ
974 1641 1134 1694 φέτων.
1196 1639 1401 1681 miramur
1439 1639 1700 1695 singularem

157 1710 443 1764 corruptelam
465 1721 635 1764 quaque
656 1709 822 1752 ratione
845 1709 1028 1752 subnata
1049 1708 1247 1752 videatur
1271 1720 1364 1751 esse
1396 1707 1698 1752 deliberamus.

155 1777 347 1821 enuntiat
387 1777 526 1841 codex
556 1777 598 1820 H
636 1777 680 1820 in
720 1777 839 1821 cuius
879 1777 1080 1821 continua
1122 1777 1314 1820 oratione
1359 1781 1525 1831 prostat
1570 1777 1698 1841 lec-tio

155 1851 356 1909 σαλαμῖν’
378 1845 568 1911 ἆῴὲνων,
601 1858 644 1899 in
676 1857 867 1909 margine
897 1860 1039 1898 autem
1070 1856 1268 1898 librarius
1299 1856 1471 1909 scripsit
1501 1848 1526 1911 ἢ
1549 1844 1697 1911 φέὲὡν

153 1929 198 1968 ut
227 1924 272 1968 in
301 1924 399 1968 aliis
431 1924 552 1968 libris
584 1917 764 1981 ἀφέτων
803 1923 891 1978 legi
931 1920 1152 1966 indicaret.
1214 1923 1356 1966 scriba
1396 1936 1498 1967 vero
1530 1924 1628 1967 libri
1660 1924 1695 1967 E

152 1994 273 2037 istius
303 1998 430 2036 notae
462 2006 631 2036 sensum
663 2007 815 2048 parum
847 1991 1075 2036 adsecutus
1107 2005 1184 2046 pro
1217 1986 1395 2047 ἆφένων
1428 1991 1695 2036 exarandum

152 2074 247 2106 esse
277 2060 461 2104 credidit
491 2052 517 2118 ἢ
549 2062 697 2117 φέτων
727 2061 838 2111 (cod.
871 2060 891 2102 I
923 2051 1120 2117 ἀφέῖων,
1160 2076 1185 2100 τ
1226 2073 1281 2103 ss.
1313 2060 1354 2102 Ι2
1395 2064 1442 2102 ut
1479 2060 1695 2114 legeretur

153 2126 383 2186 ἀφέντων).
435 2128 719 2174 consimilem
710 2131 790 2180 vir
811 2130 884 2173 ille
916 2129 1051 2172 bonus
1083 2128 1295 2172 commisit
1326 2140 1513 2171 errorem
1545 2128 1573 2170 l
1598 2128 1693 2171 154

151 2213 236 2255 quo
262 2199 357 2243 loco
387 2197 429 2240 H
460 2198 504 2240 in
535 2202 737 2241 contextu
768 2197 898 2241 habet
931 2195 1014 2240 α’νά
1037 2211 1255 2253 πρωτους,
1289 2197 1332 2239 in
1363 2196 1557 2251 margine
1589 2188 1617 2252 ἦ
1640 2187 1693 2239 ἂι

150 2269 347 2323 πρῶτοςε
393 2266 492 2310 hinc
532 2268 575 2309 in
616 2266 764 2311 codice
795 2267 830 2309 E
868 2280 946 2321 pro
988 2262 1069 2308 ἀνὰ
1103 2264 1308 2320 πρώτους
1339 2266 1551 2320 reperitur
1584 2257 1659 2322 ἢ
1642 2283 1694 2308 αι

150 2337 343 2391 πρῶτος.
384 2335 571 2390 denique
600 2335 671 2378 1.Ι
695 2338 774 2378 119
806 2335 850 2377 in
871 2334 912 2377 H
933 2334 1198 2389 Pherecydis
1220 2333 1498 2411 Pentemy'chz'
1525 2335 1693 2379 initium

149 2406 211 2449 Sic
231 2404 434 2447 traditur·
467 2400 562 2454 ζευς
588 2402 667 2457 μὲν
689 2403 763 2445 καὶ
780 2400 938 2459 χρόνος
960 2401 1022 2453 εἷς
1055 2418 1108 2444 αν
1138 2402 1211 2445 καὶ
1241 2399 1369 2456 χθών
1402 2398 1454 2457 ἠν
1486 2402 1557 2454 (de
1589 2416 1694 2446 vera

149 2473 274 2517 huius
315 2473 425 2516 initii
463 2471 601 2516 forma
641 2471 693 2516 cf.
726 2472 881 2516 Dielsii
913 2484 1064 2516 comm.
1097 2469 1188 2513 Zur·
1221 2470 1404 2513 Pontem.
1436 2469 1474 2513 d.
1510 2470 1689 2512 Pherelc.

148 2544 192 2587 in
222 2540 504 2597 Silzzmysbcr.
535 2540 612 2582 der
642 2539 698 2583 K.
722 2540 797 2583 Pr.
818 2539 900 2583 Alc.
932 2539 972 2583 d.
1000 2537 1118 2583 Wz‘ss.
1149 2554 1187 2580 z.
1210 2539 1363 2581 Berlin
1395 2555 1436 2583 v.
1458 2540 1521 2583 XI
1548 2537 1692 2599 [1897]

146 2626 219 2668 pg.
244 2613 353 2662 146).
403 2610 458 2654 ad
485 2610 696 2654 vocabula
727 2607 789 2660 εἷς
822 2601 874 2651 ὃν
905 2609 966 2651 Η1
998 2610 1042 2652 in
1063 2610 1258 2664 margine
1280 2609 1504 2652 adnotavit
1526 2611 1692 2654 variam

147 2681 393 2725 lectionem:
427 2677 470 2729 ἐς
501 2673 583 2737 ἀεὶ.
645 2678 807 2723 codicis
834 2678 870 2721 Ε
900 2681 1043 2722 autem
1074 2678 1275 2721 librarius
1307 2678 1467 2722 omissa
1497 2679 1690 2734 suppleri
