1861 3229
646 142 824 179 Analecta
847 141 1054 179 Martiana.
1586 138 1639 176 97

199 258 321 312 Quae
351 258 624 302 inveniuntur
653 271 817 314 paucae
848 261 1117 301 correcturae
1149 256 1207 300 ad
1237 256 1379 312 ipsum
1409 254 1633 298 librarium

83 328 242 373 reverti
271 327 484 375 videntur.

196 407 339 458 XVII)
368 405 534 450 Codex
563 405 836 450 Marcianus
875 415 950 458 gr.
984 414 1065 445 nr.
1096 401 1187 446 393
1220 402 1314 456 (Μ).
1375 402 1631 447 chartaceus

0 523 1 527 Ἰ
82 475 305 530 formaque
344 476 547 519 maxima.
606 475 794 531 paginae
826 474 879 515 38
919 485 1141 526 versuum,
1186 473 1423 516 litterarum
1456 473 1626 514 52—62

82 556 244 587 versus.
304 543 602 599 complectitur
641 555 770 585 unam
801 540 963 583 Laertii
995 539 1202 593 Diogenis
1234 540 1509 594 scriptionem
1549 540 1625 583 fol.

84 614 103 653 1
108 614 294 655 *z—112
354 611 507 655 101.Av
538 611 645 654 haec
675 609 807 653 habet
837 608 1025 652 Graeca.
1069 624 1120 650 το
1151 609 1237 649 ὀᾶ.
1278 607 1484 662 λαερτιου
1529 606 1626 650 ὄιο-

80 680 231 733 γένους
260 681 356 733 βίοι
384 680 473 721 τῶν
504 675 772 734 φιλοσόφων
802 688 1025 731 parvoque
1055 676 1196 731 spatio
1227 676 1448 719 interiecto
1480 677 1625 733 κτῆμα

78 748 390 803 βησσαρίωνος
427 743 687 800 καρδινάλις
724 745 805 787 τοῦ
846 746 1020 793 unaing
1065 747 1108 787 et
1152 743 1264 787 infra
1302 742 1410 787 haec
1448 744 1627 787 Latina:

79 814 175 858 loc.
200 817 249 856 71
275 814 466 857 laertii
496 813 752 868 diogenis
783 813 935 856 vitae
966 811 1447 867 philosophorum.
1486 813 1626 855 liber

80 881 428 925 bessarionis
458 881 600 925 card.
631 882 729 925 nic.
770 881 840 933 (cf.
873 879 969 924 cod.
994 880 1124 924 Marc.
1145 894 1208 936 gr.
1230 894 1292 922 nr.
1314 880 1427 930 394).
1488 880 1562 923 fol.
1589 883 1627 922 1²

79 949 226 993 titulus
264 948 480 1004 praefixus
517 953 600 993 est:
645 951 878 1005 Λαερτίου
917 947 1143 1004 διογένους
1180 950 1294 1002 βίων
1332 948 1406 989 καὶ
1436 949 1624 1003 γνωμῶν

78 1018 167 1059 τῶν
205 1015 251 1060 ἐν
295 1017 548 1075 φιλοσοφία
586 1015 971 1074 εὐδοκιμησάντων
1010 1017 1084 1060 καὶ
1123 1018 1210 1059 τῶν
1250 1014 1409 1072 ἑκάστη
1452 1015 1624 1071 αἱρέσει

80 1082 335 1140 ἀρεσάντων
364 1087 451 1129 τῶν
482 1085 546 1137 εἰς
577 1085 682 1129 δέκα
711 1084 760 1129 τὸ
796 1087 990 1142 πρῶτον.
1043 1090 1236 1130 extremo
1258 1086 1369 1129 libro
1391 1084 1473 1127 V11
1494 1099 1623 1128 unum

79 1160 122 1197 et
151 1154 376 1197 dimidium
406 1155 556 1198 folium
587 1156 799 1211 scriptura
829 1160 957 1199 vacat
986 1155 1075 1208 (fol.
1101 1158 1172 1197 71v
1203 1155 1316 1198 med.
1351 1159 1394 1197 et
1425 1153 1526 1204 721).

190 1232 341 1276 Codex
370 1234 413 1276 M
443 1235 546 1277 satis
577 1235 782 1277 adcurate
818 1239 1019 1278 exaratus
1060 1234 1316 1288 conspicuus
1356 1237 1421 1276 est
1457 1233 1619 1276 littera-

79 1313 160 1343 ura
195 1300 461 1357 compendiis
492 1302 836 1357 impeditissima,
867 1306 915 1345 ut
945 1301 1223 1345 difficillimus
1255 1301 1310 1345 sit
1339 1301 1467 1344 lectu.

190 1380 389 1425 Continet
408 1394 608 1436 magnam
630 1382 718 1424 vim
739 1382 955 1424 variarum
976 1382 1208 1425 lectionum
1228 1382 1284 1424 ab
1316 1382 1412 1435 ipso
1442 1381 1622 1424 librario

77 1448 384 1503 adpositarum.
444 1454 670 1505 praeterea
708 1454 922 1494 corrector
952 1448 1047 1501 (1³12)
1079 1450 1214 1493 multa
1253 1448 1413 1492 menda
1451 1449 1623 1493 sustulit

77 1517 321 1572 omissaque
343 1519 386 1560 in
407 1519 599 1573 margine
621 1518 852 1573 supplevit.
899 1519 974 1573 qui
1004 1519 1048 1560 in
1079 1520 1328 1561 universum
1358 1518 1497 1572 magis
1529 1522 1621 1561 atro

76 1585 207 1627 utitur
226 1585 445 1640 pigmento
477 1600 606 1641 quam
635 1587 848 1630 librarius.
900 1587 1174 1642 paucissimis
1204 1586 1313 1630 locis
1345 1586 1473 1629 tertia
1502 1585 1561 1636 (h.
1584 1599 1621 1629 e.

74 1652 357 1702 Bessarionis)
375 1667 525 1697 manus
543 1653 637 1707 (1113)
654 1659 884 1710 comparet.
927 1655 1203 1698 rubricatoris
1225 1667 1401 1697 munere
1422 1654 1622 1697 librarius

72 1720 241 1764 functus
273 1726 348 1764 est.

186 1799 349 1853 XVIII)
382 1801 548 1845 Codex
578 1801 940 1845 Arundelianus
971 1814 1045 1856 gr.
1078 1814 1158 1845 nr.
1181 1801 1271 1845 531
1305 1800 1391 1856 (A).
1453 1802 1620 1846 charta-

74 1881 175 1912 ceus
205 1873 270 1911 est
293 1869 515 1924 formaque
538 1871 726 1925 oblonga
755 1873 826 1921 (26
851 1869 880 1915 Χ
908 1873 1002 1926 18,5
1025 1874 1120 1920 cm).
1181 1872 1225 1913 in
1247 1884 1332 1925 quo
1354 1870 1620 1925 perficiendo

71 1939 159 1979 tres
181 1936 512 1979 elaboraverunt
532 1950 681 1980 manus
704 1950 882 1992 quarum
905 1938 1017 1981 duae
1042 1943 1179 1981 totum
1209 1937 1299 1980 fere
1332 1938 1486 1980 librum
1519 1951 1617 1981 con-

71 2003 343 2059 scripserunt.
388 2003 504 2048 foliis
525 2009 691 2049 constat
714 2006 807 2047 178.
855 2007 1044 2050 continet
1074 2019 1182 2062 opus
1213 2005 1375 2048 Laertii
1408 2006 1617 2062 Diogenis

73 2072 209 2115 solum
252 2076 294 2114 et
336 2073 561 2128 integrum.
636 2074 914 2129 inscriptione
959 2074 1033 2117 fol.
1077 2078 1116 2116 1¹
1161 2079 1357 2117 ornatum
1403 2079 1469 2118 est
1514 2075 1617 2119 hac:

71 2143 302 2196 Λαερτίου
333 2139 558 2195 διογένους
586 2143 698 2196 βίων
727 2142 802 2183 καὶ
840 2143 1026 2197 γνωμῶν
1060 2143 1151 2185 τῶν
1181 2140 1226 2184 ἐν
1258 2141 1514 2199 φιλοσοφία
1546 2138 1618 2186 εὖ·

73 2206 408 2264 δοκιμησάντων
444 2209 517 2250 καὶ
556 2211 644 2251 τῶν
690 2208 849 2266 ἑκάστη
898 2210 1070 2265 αἱρέσει
1118 2205 1375 2264 ἇρεσάντων
1419 2213 1509 2254 τῶν
1556 2211 1620 2262 εἷς

71 2275 176 2318 δέκα
206 2274 256 2318 τὸ
289 2277 482 2333 πρῶτον.

185 2356 407 2412 Scriptura
444 2348 609 2412 primae
648 2371 796 2402 manus
843 2358 1078 2401 maximam
1120 2358 1448 2404 similitudinem
1488 2360 1621 2405 habet

68 2438 167 2469 cum
203 2426 414 2481 scriptura
450 2426 611 2471 codicis
642 2426 850 2470 Marciani
882 2429 986 2480 393,
1027 2441 1125 2472 cum
1164 2428 1378 2473 secundus
1418 2429 1619 2474 librarius

69 2493 264 2549 planiore
294 2497 437 2536 utatur
465 2495 719 2538 litteratura.

185 2574 461 2618 Correcturae
506 2588 673 2631 paucae
713 2576 815 2619 illae
855 2576 1034 2631 quidem
1073 2578 1128 2621 ab
1168 2576 1273 2633 ipsis
1315 2578 1504 2622 librariis
1545 2591 1618 2622 ex-

67 2647 216 2686 aratae
247 2647 354 2687 sunt.

141 2719 294 2756 Leipziger
306 2720 440 2750 Studien.
466 2720 552 2749 XIX.
1320 2727 1336 2758 7
