1861 3229
175 203 256 241 130
773 203 938 247 Edgarus
963 201 1124 236 Martini.

173 318 343 362 τίποδα
375 320 438 371 Ργ
468 333 478 361 :
512 312 762 368 ἆντίποδας
793 319 861 361 Bo·
886 316 900 372 ΙΙ
931 319 984 358 25
1013 312 1160 372 ἅνθης
1191 317 1293 359 Pd:
1325 315 1518 373 νεάνθης
1549 318 1615 369 By
1634 317 1650 370 ΙΙ
1672 320 1727 360 29

176 385 221 429 ἐν
253 388 318 430 Pa
349 403 358 429 ;
392 384 455 429 ἐνὶ
497 383 648 441 131133
689 375 798 442 ἦμεν
836 386 901 429 Pa
930 401 939 428 :
973 382 1094 439 εἰμὲν
1126 384 1161 427 Β
1183 383 1199 438 ιι
1221 385 1276 427 48
1317 382 1454 427 καλοῦ
1485 385 1551 428 Pa
1581 401 1591 429 ι
1622 382 1727 427 κάλ-

176 455 279 503 λους
310 455 344 495 Β
368 454 382 507 ΙΙ
406 457 457 495 51
492 452 664 496 τούτων
697 456 791 498 Pa:
814 452 972 497 τούτου
1009 453 1044 495 Β
1067 451 1082 506 ΙΙ
1106 450 1249 506 δόγμα
1280 454 1376 494 τιθ.
1407 453 1475 495 Ρα
1495 469 1504 496 :
1528 448 1729 509 δόγματα

173 523 270 564 τιθ.
303 521 339 564 Β
362 521 376 575 ΙΙ
402 524 455 565 74
487 517 603 577 ὑπὲρ
634 520 713 565 τὸν
744 524 822 580 τῆς
860 522 938 578 γῆς
973 517 1131 563 κύκλον
1162 520 1228 563 Ρα
1258 535 1268 563 :
1298 515 1414 575 ὑπὲρ
1451 520 1532 576 μὲν
1563 523 1653 564 τῶν
1684 520 1730 565 ἐκ

174 590 253 644 γῆς
284 588 455 631 κύκλων
487 591 523 633 Β
555 588 618 643 (ἓν
651 594 680 632 ἇ
712 591 792 645 μὲν
824 592 911 633 τῶν
933 587 1016 639 ἔξω
1046 590 1125 645 γῆς
1145 586 1313 630 κύκλων
1344 590 1527 639 conieci)
1548 587 1563 644 ΙΙ
1588 590 1641 631 76
1661 605 1729 650 κι-

176 654 368 710 νούμενα
398 656 464 700 Ρα
501 674 510 701 :
539 657 752 714 γινόμενα
782 659 818 702 Β
840 657 856 714 ΙΙ
878 660 932 701 84
963 653 1141 712 ναυτική
1162 655 1229 699 Ρα
1259 672 1268 700 z
1300 655 1546 714 ναυπηγικὴ
1580 657 1614 699 Β
1637 654 1652 712 ΙΙ
1675 658 1729 699 95

177 719 398 781 ἀλλήλους
428 726 496 769 Ρα
520 742 530 769 ;
552 722 715 778 ἄλλους
744 728 779 770 Β
802 725 817 782 ΙΙ
843 729 922 768 100
962 725 1362 779 μετασκευαστικαὶ
1392 725 1458 767 Ρα
1479 741 1489 768 :
1509 738 1730 780 μετασχη-

176 794 439 848 ματιστικαὶ
471 795 507 838 Β
530 795 545 848 ΙΙ
568 793 787 850 πρότερον
817 796 880 848 Ργ
912 791 1159 850 [πρώτερον
1179 791 1235 850 U]
1268 809 1277 837 ε
1299 794 1481 850 πρῶτον
1512 793 1586 837 BV
1608 791 1623 849 [Ι
1649 796 1730 838 103

178 858 322 906 ὄντων
361 864 428 905 Ρα
458 879 468 905 :
499 861 558 917 μὴ
599 859 741 905 ὄντων
773 863 807 905 Β
830 864 844 916 ΙΙ
871 865 950 905 105
990 858 1106 905 εἶναι
1137 863 1239 905 Po:
1271 860 1383 915 ἔχειν
1418 860 1519 917 Βγ1Ι
1541 863 1599 906 IV
1624 866 1643 904 1
1677 860 1728 904 τὸ

179 920 297 987 ἦθος
337 931 405 973 Ρα
436 947 445 973 :
481 925 585 986 τόγε
620 920 739 988 ἦθος
773 932 808 974 Β
831 929 846 986 ΙΙ
869 935 894 975 9
928 929 1235 986 δωροδοκῆσαι
1258 930 1323 973 Ρα
1353 946 1362 973 z
1395 928 1730 986 δωροδοκήσαν-

179 1014 261 1048 τας
303 1000 336 1041 Β
370 997 385 1053 ΙΙ
419 1000 470 1040 13
511 998 617 1052 περὶ
658 995 838 1052 ἀγαθοῦ
875 999 941 1041 Ρα
970 1014 979 1040 :
1012 999 1117 1052 περὶ
1157 993 1363 1052 τάγαθοῦ
1399 999 1435 1040 Β
1458 998 1473 1051 ΙΙ
1496 1000 1549 1040 20
1579 997 1733 1053 γαῦξις

179 1068 247 1110 Ρα
277 1083 286 1110 :
318 1064 467 1122 γλύξις
505 1066 541 1108 Β
572 1063 587 1120 ΙΙ
618 1067 672 1107 22
704 1066 784 1108 τοῦ
816 1066 983 1120 χρυσοῦ
1019 1066 1173 1120 γένους
1214 1065 1281 1107 Ρα
1311 1080 1320 1108 :
1352 1066 1441 1107 τῶν
1481 1063 1527 1108 ἐκ
1561 1067 1637 1108 τοῦ
1662 1083 1730 1122 χρ.

179 1137 333 1189 γένους
363 1134 398 1175 Β
421 1133 435 1185 ΙΙ
459 1135 513 1174 23
537 1131 730 1187 περσεὺς
761 1134 849 1174 P1a
880 1148 889 1174 :
921 1130 1110 1186 ταρσειῖς
1140 1133 1174 1174 Β
1198 1130 1213 1186 ΙΙ
1236 1135 1290 1173 42
1321 1128 1617 1190 ὄχλοαρέσκης
1647 1134 1764 1176 Ρ1δ’

179 1197 490 1257 [όχλοαρέσκος
519 1200 562 1253 γ]
592 1216 602 1243 :
635 1195 751 1253 ὅχλω
783 1194 986 1255 ἀρέσκεις
1017 1200 1052 1242 Β
1091 1194 1418 1254 (ὀχλοάρεσκος.
1469 1202 1522 1246 ef.
1554 1202 1731 1246 Wachs·

178 1269 312 1312 muth.
335 1267 459 1323 Corp.
475 1281 593 1323 ροβε.
614 1283 679 1323 970.
702 1268 785 1310 lud.
816 1282 887 1323 pg.
914 1271 994 1310 110
1006 1266 1088 1322 sq.)
1111 1266 1125 1322 ΙΙ
1149 1271 1203 1309 44
1234 1263 1347 1324 παρ’
1384 1267 1619 1326 ἀθηναίων
1639 1270 1732 1320 Pa:

178 1336 295 1393 πρὸς
328 1331 565 1394 ἇθηναίων
597 1337 632 1379 Β
655 1336 669 1392 ΙΙ
693 1340 747 1379 47
780 1345 893 1385 παῖς
921 1334 1002 1385 τὰς
1032 1336 1100 1378 Pd
1126 1332 1259 1391 [πᾶσι
1288 1334 1370 1386 τὰς
1398 1335 1442 1394 γ]
1475 1353 1484 1381 :
1516 1338 1733 1388 πλείστας

180 1407 214 1449 Β
238 1405 253 1461 ΙΙ
276 1407 329 1448 48
362 1398 438 1447 ὅτε
468 1403 523 1447 τὰ
557 1405 646 1448 P¹a
677 1421 686 1449 :
718 1401 740 1447 0‘
782 1402 838 1446 τὰ
878 1405 913 1447 Β
937 1403 952 1459 ΙΙ
976 1407 1028 1446 50
1067 1407 1417 1460 μεμετρημένοις
1452 1406 1521 1448 Po*
1555 1403 1630 1463 [μὴ
1660 1422 1733 1449 τε-

180 1476 406 1530 τριμὲνοις
438 1471 481 1530 γ]
514 1489 522 1516 :
554 1472 613 1531 μὴ
653 1475 937 1531 τετρημένοις
968 1474 1003 1516 Β
1027 1472 1041 1526 ΙΙ
1066 1475 1115 1514 51
1160 1466 1360 1516 ἀνείλετο
1399 1474 1466 1517 Ρα
1505 1490 1514 1517 :
1555 1471 1733 1518 ἐπανεί-

184 1543 284 1585 λετο
318 1543 353 1584 Β
375 1540 392 1597 u
415 1545 468 1585 59
502 1539 576 1584 διὰ
610 1543 676 1584 Ρα
697 1556 708 1584 t
731 1538 866 1584 αὐτὸν
896 1539 1069 1596 τρόπον
1101 1538 1176 1582 διὰ
1204 1541 1240 1583 Β
1272 1539 1365 1592 (τὸν
1396 1538 1532 1584 αὐτὸν
1562 1541 1733 1597 τρόπον

184 1609 260 1654 διὰ
294 1611 344 1661 L)
369 1609 384 1664 ΙΙ
408 1613 460 1652 65
492 1608 628 1665 μηδέν
650 1610 716 1652 Ρα
748 1626 757 1652 :
791 1605 917 1652 οὐδέν
948 1610 984 1651 Β
1007 1609 1022 1662 11
1043 1609 1082 1651 V
1104 1613 1129 1650 4
1162 1607 1400 1653 ἐλευσινίδι
1430 1610 1497 1653 Ρα
1526 1627 1536 1654 :
1569 1608 1738 1654 ἒλευσι-

182 1680 301 1722 νείαι
341 1678 376 1720 Β
415 1671 676 1733 (Ἐλευσινίᾳ
716 1676 765 1731 L)
789 1676 804 1729 ΙΙ
828 1679 852 1720 8
892 1684 978 1718 ποῖ
1017 1674 1100 1732 γὰρ
1132 1677 1201 1719 Pd
1237 1674 1406 1732 [τοῑγαρ
1436 1676 1480 1733 γ]
1514 1694 1524 1720 2
1554 1694 1625 1721 τοι
1655 1677 1738 1733 γὰρ

183 1749 219 1791 Β
242 1746 257 1803 ll
280 1751 305 1791 9
340 1744 404 1795 εἰς
436 1743 617 1800 ἑρμείαν
648 1746 715 1788 Ρα
732 1761 741 1788 z
759 1742 876 1799 πρὸς
907 1742 1089 1799 ἑρμείαν
1110 1746 1146 1788 Β
1169 1744 1184 1800 ΙΙ
1211 1748 1260 1788 10
1293 1744 1358 1796 εἷς
1388 1745 1618 1803 φίλιππον
1646 1748 1738 1790 Pa:

183 1813 302 1871 πρὸς
337 1812 578 1854 Φίλιππον
614 1813 687 1866 ΒΗ
714 1816 765 1856 19
807 1820 992 1854 σκοπεῖν
1023 1813 1090 1855 Ρα
1120 1828 1129 1855 :
1162 1811 1231 1854 δεῖ
1265 1822 1450 1856 σκοπεῖν
1479 1815 1514 1856 Β
1538 1813 1553 1869 ΙΙ
1577 1819 1626 1857 51
1660 1817 1739 1868 μέ-

182 1883 310 1924 λαντι
341 1882 408 1924 Ρα
440 1895 449 1922 :
479 1875 674 1937 μελάντη
707 1882 750 1931 (i.
773 1894 809 1923 e.
842 1878 1076 1936 Μελάντῃ)
1110 1880 1145 1922 Β
1168 1878 1183 1934 ΙΙ
1202 1882 1372 1934 χείρονι
1401 1881 1468 1924 Ρα
1498 1898 1507 1924 :
1536 1889 1685 1936 χεῖρον
1711 1881 1736 1936 ἢ

182 1952 215 1994 Β
239 1950 253 2005 ΙΙ
277 1952 331 1993 63
363 1948 512 2005 ἰ’ραιος
543 1950 706 2004 passim
738 1949 804 1991 Pa
835 1964 844 1991 :
875 1944 1032 2005 ἡραῖος
1062 1948 1097 1991 Β
1122 1946 1136 2002 ΙΙ
1159 1950 1212 1990 67
1256 1946 1376 1990 ἰ’λεια
1407 1948 1473 1991 Ρα
1502 1965 1512 1992 :
1543 1944 1672 2005 ἠλεία
1705 1951 1737 1993 Β

180 2015 347 2071 (Ἰλίεια
379 2031 461 2060 em.
492 2016 745 2068 Bentleius).

297 2085 431 2130 Vides
471 2084 635 2129 codicis
676 2085 709 2128 P
750 2085 1003 2129 memoriam
1043 2098 1126 2128 non
1165 2084 1320 2129 leviter
1357 2084 1556 2130 sordibus
1587 2087 1739 2132 elassis

181 2170 211 2197 α
251 2156 520 2210 inquinatam
562 2167 657 2197 esse
698 2159 745 2196 ut
783 2167 861 2208 pro
902 2154 1070 2196 sincero
1111 2153 1261 2196 elassis
1297 2153 1328 2205 β
1360 2157 1470 2198 teste
1509 2155 1590 2198 iste
1630 2156 1740 2199 liber

182 2225 433 2278 neutiquam
465 2222 604 2277 possit
634 2221 799 2265 haberi.
863 2221 1101 2265 sententiae
1132 2225 1276 2263 autem
1306 2226 1477 2265 nostrae
1509 2221 1563 2265 de
1594 2222 1739 2266 indole

185 2291 525 2345 condicioneque
547 2289 736 2345 exempli
769 2302 790 2330 ε
821 2289 940 2343 quali
962 2289 1091 2331 fuerit
1111 2302 1196 2344 quo
1217 2293 1411 2345 tempore
1432 2291 1466 2333 P
1498 2303 1554 2333 ex
1584 2304 1636 2335 eo
1668 2291 1740 2334 de-

184 2359 455 2404 scribebatur
476 2357 755 2400 vehementer
776 2357 1068 2412 suffragantur
1089 2357 1237 2400 variae
1258 2358 1465 2401 lectiones
1496 2370 1602 2412 quas
1630 2363 1739 2403 uter-

184 2441 268 2484 que
290 2425 454 2471 codicis
476 2425 511 2468 P
532 2425 732 2469 librarius
754 2423 895 2477 (P2Pb)
918 2424 1137 2469 contextui
1157 2424 1320 2468 Laertii
1351 2425 1512 2470 adiecit
1542 2440 1740 2484 quaeque

184 2497 245 2540 ita
289 2497 565 2550 comparatae
610 2498 708 2537 sunt
754 2498 799 2537 ut
843 2495 1081 2550 scripturae
1126 2493 1277 2537 elassis
1314 2494 1345 2547 β
1387 2496 1515 2540 lectio
1560 2497 1741 2540 alterius

184 2565 337 2609 elassis
369 2562 573 2619 opposita
603 2563 671 2606 sit.
720 2576 866 2606 earum
897 2562 1177 2606 notabiliores
1208 2563 1468 2618 subiungere
1498 2565 1640 2608 liceat.

300 2632 395 2674 163
429 2616 747 2685 ἆῗεφθέγξατο
780 2645 833 2674 ss.
876 2646 912 2671 π
953 2631 1007 2672 Ρ1
1040 2645 1049 2672 :
1082 2625 1393 2686 ἀνεφθέγξατο
1425 2632 1460 2673 Β
1501 2626 1740 2687 ἀπεφθέγ-

187 2697 293 2750 ξατο
335 2703 450 2741 reete
491 2711 519 2737 α
551 2697 566 2752 ss
596 2699 650 2739 78
694 2696 769 2740 ἐπὶ
810 2700 853 2741 in
894 2702 997 2742 text.
1032 2699 1119 2740 P1a
1150 2714 1159 2741 ι
1191 2699 1299 2741 ποτὶ
1342 2700 1384 2741 in
1416 2712 1500 2753 mg.
1533 2698 1737 2752 Ρ1Β1181
