1861 3229
165 117 247 153 112
759 113 928 157 Edgarus
953 111 1113 147 Martini.

164 238 207 277 et
239 235 310 283 87)
340 232 497 287 quique
518 242 565 273 se
587 233 630 273 et
651 232 864 273 vetustate
887 233 929 272 et
950 228 1227 284 simplicitate
1247 229 1535 274 commendat.
1587 245 1709 287 prae-

163 306 282 344 terea
303 300 471 343 codices
493 311 641 341 omnes
663 297 813 351 classis
836 314 863 338 α
885 296 966 340 hoc
987 296 1148 340 habent
1167 310 1271 351 prae
1293 298 1447 342 ceteris
1468 298 1709 344 Laertianis

163 369 283 410 libris
322 366 540 421 peculiare
581 365 702 420 quod>
735 369 834 408 ante
870 365 1044 408 vocales
1083 366 1192 407 mira
1231 365 1480 420 pervicacia
1508 367 1709 412 adverbii

163 428 333 484 oissva)
363 435 500 478 forma
531 435 676 478 littera
706 448 728 483 ς
758 432 955 489 praedita
994 432 1192 477 adhibita
1223 438 1309 488 est,
1352 448 1449 478 cum
1478 440 1578 481 ante
1609 451 1708 481 con—

160 506 360 545 sonantes
392 506 638 545 constanter
660 502 839 544 formam
863 495 978 542 οὕτω
999 502 1184 555 positam
1207 501 1446 544 videamus.
1493 503 1537 544 in
1560 503 1709 548 codice

161 570 195 613 B
228 570 390 613 formae
423 566 539 612 οὕτω
571 574 614 614 et
645 562 786 619 οὕτως
815 569 944 613 nullis
974 568 1143 624 legibus
1174 567 1407 618 adstrictae
1439 574 1547 613 sunt.

274 639 435 681 Verum
458 639 573 682 enim
603 653 707 682 vero
737 638 845 681 haec
875 638 1072 681 codicum
1103 638 1252 682 classis
1285 655 1313 679 α
1342 639 1453 682 inter
1482 652 1579 693 sese
1610 653 1708 684 con-

161 707 304 751 sensio
336 720 521 762 cumque
552 707 663 750 libro
696 707 730 749 B
762 707 972 750 dissensio
1003 719 1088 749 non
1119 706 1232 750 ultra
1261 706 1418 750 librum
1440 705 1523 751 VII
1552 707 1708 764 produ-

161 776 271 819 citur
283 777 332 827 ¹):
373 789 561 830 namque
599 780 886 819 extremorum
925 776 1052 818 trium
1089 775 1296 819 librorum
1334 777 1568 820 memoriae
1598 778 1708 822 ratio

160 845 205 885 in
243 844 366 887 libris
407 843 564 887 DGSU
603 844 732 898 longe
771 844 857 885 alia
896 847 961 886 est
990 844 1091 897 (qua
1124 843 1180 886 de
1210 843 1322 886 infra
1352 843 1535 895 dixero).
1603 845 1709 901 quid

159 916 304 955 autem
351 911 452 955 inde
495 911 804 966 consequitur?
856 924 1011 965 nempe
1050 911 1271 966 exemplar
1309 911 1423 956 unde
1462 912 1709 968 dependent

161 979 334 1022 codices
365 979 515 1022 classis
549 996 575 1019 α
607 980 834 1032 postremis
867 979 1000 1021 tribus
1021 979 1278 1021 Laertianae
1309 981 1554 1033 scriptionis
1586 981 1707 1024 libris

161 1047 358 1089 orbatum
392 1046 538 1089 fuisse.

274 1114 365 1154 Iam
407 1113 443 1155 si
484 1113 655 1166 quaeris
702 1125 787 1166 qua
832 1113 1000 1154 ratione
1039 1111 1211 1154 codices
1252 1113 1403 1157 classis
1445 1131 1472 1154 α
1511 1115 1621 1158 inter
1661 1128 1707 1159 se

158 1181 476 1233 contineantur,
518 1180 561 1221 in
602 1179 709 1222 duas
749 1178 813 1221 illi
851 1178 1038 1221 familias
1076 1177 1305 1222 discedunt
1344 1181 1405 1223 ita
1444 1186 1490 1224 ut
1524 1182 1706 1226 alteram

156 1247 297 1300 (nobis
335 1248 377 1302 γ)
423 1248 523 1290 libri
571 1245 743 1302 DFGS,
790 1247 970 1289 alteram
1017 1244 1074 1297 (ὂ)
1119 1246 1291 1292 codices
1338 1247 1458 1293 OUV
1504 1249 1707 1295 efficiant.

156 1321 338 1370 utraque
358 1316 527 1358 familia
547 1317 670 1367 larga
699 1316 971 1370 propriorum
1002 1315 1203 1359 vitiorum
1235 1318 1361 1372 copia
1391 1318 1597 1362 instructa
1629 1323 1704 1362 est.

156 1385 200 1426 in
232 1398 415 1428 examen
446 1388 591 1427 autem
628 1383 914 1439 perducemus
954 1384 1140 1438 primum
1180 1384 1312 1428 libros
1343 1384 1492 1429 DFGS
1525 1400 1703 1441 quorum

157 1453 394 1507 singularia
423 1452 581 1495 menda
611 1452 879 1505 lacunaeque
914 1451 1063 1494 tabula
1097 1452 1376 1507 subsequenti
1415 1460 1706 1498 recensentur.

157 1533 298 1574 neque
337 1533 441 1564 vero
481 1519 845 1562 enumerationem
885 1522 1072 1561 nostram
1104 1520 1216 1562 ultra
1246 1520 1435 1563 l.11160
1467 1522 1705 1577 producere

157 1590 298 1631 visum
332 1592 418 1640 est,
460 1601 555 1630 cum
598 1586 679 1629 hoc
720 1587 815 1629 loco
851 1587 1029 1640 antiqua
1059 1586 1222 1630 codicis
1252 1588 1287 1630 F
1318 1602 1418 1641 pars
1449 1612 1505 1617 -
1534 1589 1707 1633 novicia

154 1659 300 1698 autem
333 1654 417 1698 huc
447 1668 532 1698 non
562 1655 747 1709 pertinet
777 1676 832 1682 —
862 1652 1044 1696 finiatur.
1095 1653 1239 1696 littera
1268 1667 1296 1707 γ
1327 1668 1558 1700 consensus
1590 1657 1706 1711 pri—

156 1737 358 1766 marum
388 1736 589 1766 manuum
619 1722 815 1765 codicum
846 1720 996 1764 DFGS
1028 1720 1268 1765 denotatur.

805 1836 975 1877 Tabula
1005 1835 1053 1877 B.

268 1917 287 1958 1
319 1919 343 1959 3
375 1918 604 1971 γεγονέναι
634 1929 662 1968 γ
693 1917 764 1966 (=
784 1913 955 1965 DFGS)
979 1927 989 1954 :
1009 1915 1159 1968 γέγονε
1180 1914 1259 1958 UV
1290 1915 1338 1965 [B
1360 1928 1537 1960 mancus
1569 1930 1704 1971 usque

150 1984 206 2026 ad
223 1986 246 2034 ξ
265 1987 290 2025 4
308 1986 430 2035 extr.]
419 1983 468 2039 111
492 1988 517 2026 4
534 1984 760 2040 κοσμῆσαι
776 1996 831 2035 γε
851 1981 1152 2037 διακοσμῆσαι
1164 1981 1243 2026 UV
1264 1980 1279 2037 ss
1303 1984 1327 2024 5
1344 1984 1531 2026 τοιαῦτα
1548 1998 1630 2028 0111.
1648 1998 1703 2038 γε

152 2053 312 2095 habent
329 2052 445 2096 UVB
469 2053 482 2105 ΙΙ
505 2053 580 2094 καὶ
601 2053 665 2093 τιῦ
686 2052 765 2106 τῆς
787 2051 940 2106 φωνῆς
960 2063 1014 2102 γε
1032 2051 1094 2090 τῶ
1115 2050 1193 2104 τῆς
1215 2052 1368 2126 φωνῆς
1384 2053 1427 2102 (i.
1446 2066 1482 2095 e.
1499 2055 1560 2108 τῴ
1585 2069 1624 2095 τ.
1638 2055 1702 2110 φ.)

152 2121 266 2164 UVB
288 2119 300 2176 [Ι
325 2123 376 2164 13
409 2119 491 2163 ι’ων
522 2117 648 2176 ἠν-
666 2117 717 2169 ὂς
747 2116 1037 2174 καθηγήσατο
1069 2132 1127 2171 γε
1150 2117 1232 2160 'tun
1264 2110 1703 2178 (ὗν-καθηγήσατο

151 2190 268 2232 UVB
291 2190 306 2244 ΙΙ
333 2193 384 2231 14
400 2188 609 2231 καταλύει
625 2202 682 2242 γε
697 2186 935 2243 καταλήγει
947 2187 1062 2230 UVB
1085 2186 1099 2239 ΙΙ
1125 2190 1175 2228 15
1193 2187 1378 2229 πλάτων
1395 2202 1450 2241 γε
1466 2187 1706 2239 πλάτωνος

152 2257 269 2301 UVB
293 2258 306 2310 ΙΙ
331 2260 384 2300 20
418 2256 591 2314 αἰρεσιν
623 2255 704 2311 μὲν
734 2253 817 2311 γὰρ
849 2269 877 2309 γ
898 2269 908 2297 :
932 2253 1104 2310 αι’ρεσιν
1136 2254 1184 2297 δὲ
1215 2246 1329 2300 UVB
1353 2254 1367 2310 ΙΙ
1392 2256 1506 2313 φασὶ
1539 2271 1621 2301 om.
1643 2272 1672 2312 γ
1693 2272 1703 2300 1

151 2325 312 2368 habent
352 2326 469 2369 UVB
507 2325 521 2379 ΙΙ
559 2329 608 2367 21
652 2321 742 2367 ὑπὸ
783 2323 991 2377 τάμωνος
1020 2337 1050 2376 γ
1080 2338 1090 2365 :
1120 2320 1210 2366 ὑπὸ
1253 2323 1524 2377 ποτάμιονος
1554 2327 1671 2370 UVB
1692 2324 1705 2382 Η

150 2396 203 2436 24
235 2392 392 2436 κύκλον
423 2394 498 2436 καὶ
529 2407 557 2447 γ
579 2408 589 2436 z
611 2391 766 2436 κύκλον
798 2394 838 2438 U
868 2392 1018 2435 κίκλου
1049 2392 1208 2447 βίβλου
1237 2392 1273 2434 V
1303 2390 1461 2436 κύκλου
1492 2399 1607 2438 recte
1635 2395 1670 2437 B
1691 2392 1704 2451 ΙΙ

267 2511 298 2548 1)
323 2506 563 2542 Posteriorem
602 2505 740 2541 Laertii
780 2506 901 2551 operis
940 2507 1082 2550 partem
1128 2505 1196 2540 soli
1235 2505 1409 2540 exhibent
1448 2505 1531 2541 libri
1572 2505 1701 2541 DGSU

149 2563 276 2598 classis
301 2578 338 2605 α,
364 2575 446 2598 cum
471 2563 552 2597 libri
578 2563 608 2597 F
633 2563 785 2607 antiqua
809 2573 894 2606 pars
918 2563 942 2597 1.
963 2562 1016 2597 III
1035 2566 1090 2606 60,
1117 2562 1232 2597 codex
1250 2562 1280 2598 Ο
1299 2562 1319 2597 l.
1340 2562 1393 2597 111
1411 2572 1478 2602 ex.,
1503 2562 1596 2597 liber
1618 2562 1652 2597 V
1676 2562 1701 2597 1.

152 2619 200 2652 VI
225 2623 266 2654 66
293 2620 533 2655 obmutescat.
