1861 3229
704 196 880 233 Analecta
904 196 1110 234 Laertiana.
1602 201 1678 238 165

132 322 284 353 vocem
317 314 452 368 σοφίῃ
485 313 528 355 in
559 314 749 367 margine
789 314 1012 357 adnotavit
1046 318 1221 371 oocpim:
1254 316 1368 370 quod
1407 316 1529 358 verbi
1561 330 1676 359 mon-

132 381 264 421 strum
302 379 417 434 quod
453 381 586 425 sciam
623 382 666 424 in
713 395 796 426 uno
831 381 868 434 Q
908 386 1048 426 exstat
1094 384 1248 435 (ortum
1289 397 1444 440 nempe
1477 397 1531 428 ex
1565 384 1676 427 male

131 447 350 492 intellecta
381 449 541 493 codicis
571 451 604 492 P
635 451 847 505 scriptura
878 453 1041 507 σοφίΗι
1063 471 1118 485 =
1141 455 1335 509 σοφίηι);
1378 453 1478 497 dein
1510 455 1536 497 l.
1563 454 1599 497 V
1621 455 1674 495 93

130 515 187 558 ad
228 517 405 561 verbum
452 514 652 574 ᾐσχύνθη
694 519 737 561 in
789 519 981 574 margine
1022 519 1075 562 ab
1122 520 1183 562 Hl
1232 522 1431 576 suppleta
1479 522 1675 565 videmus

130 586 341 629 vocabula
363 584 439 628 ἐπὶ
460 584 656 636 τούτοις;
688 601 815 642 quam
848 588 1222 643 interpolationem
1254 595 1425 643 praeter
1457 591 1613 634 librum
1636 590 1674 641 Q

129 655 202 709 qui
224 654 431 699 exhibeat
452 655 651 710 equidem
674 656 836 698 nullum
860 657 962 699 novi
995 655 1201 700 codicem.
1261 658 1513 712 subiungam
1545 672 1673 702 unum

127 723 268 767 locum
301 737 324 767 e
355 736 439 778 quo
471 724 693 767 librarium
728 724 889 768 codicis
921 725 961 766 Η
992 725 1104 767 libro
1137 724 1175 775 Q
1207 725 1291 767 iam
1327 732 1515 770 correcto
1549 741 1669 771 usum

129 802 223 834 esse
253 791 556 846 perspiciatur:
589 792 615 833 l.
639 792 682 833 II
703 793 757 832 34
787 792 849 833 Hl
870 793 1045 835 lectioni
1079 790 1311 847 ἀξιόλογον
1344 792 1488 847 (λογον
1521 797 1561 837 in
1593 797 1674 838 lit.)

127 858 171 900 in
202 859 393 913 margine
426 860 628 914 opposuit
657 860 911 914 scrIpturam
944 855 1068 909 ἄξιον
1097 858 1242 915 λόγου,
1275 874 1402 915 quam
1427 874 1481 904 ex
1502 862 1673 906 officina

129 927 378 970 correctoris
410 926 468 978 Q2
499 926 695 982 prodisse
727 940 857 983 supra
888 928 1225 984 significavimus
1257 928 1326 980 (cf.
1359 943 1429 985 pg.
1472 931 1577 980 159).

240 994 311 1038 Ad
352 1008 501 1039 manus
541 1000 683 1040 autem
715 996 777 1039 Η2
818 997 1038 1053 exemplar
1077 997 1366 1042 definiendum
1405 998 1577 1042 abunde
1612 1004 1674 1043 est

127 1062 205 1107 has
237 1067 322 1106 tres
354 1065 636 1109 correctiones
667 1066 722 1108 ab
754 1078 807 1108 ea
835 1069 1026 1119 patratas
1057 1066 1333 1121 adposuisse:
1542 1070 1563 1085 ⁷

238 1133 265 1175 l.
283 1133 373 1176 180
392 1132 435 1184 ἐς
452 1133 597 1177 οἰκίαν
618 1148 700 1190 mg.
720 1134 889 1186 H2yUT
909 1131 968 1191 [ἒς
985 1132 1150 1177 οἰκεῖαι)
1161 1132 1211 1190 Β]
1229 1152 1238 1178 :
1258 1133 1301 1185 ἒς
1319 1133 1640 1191 ointovH1PV9
1663 1135 1673 1179 ¹1

122 1200 165 1242 II
186 1203 239 1243 27
261 1201 334 1243 καὶ
354 1210 449 1252 τοῖς
472 1201 621 1260 ἕλλησι
641 1201 813 1258 γενήσει
836 1201 874 1243 εἰ
905 1217 989 1257 mg.
1012 1203 1073 1245 Η2
1097 1200 1184 1258 [καὶ
1214 1211 1309 1252 τοῖς
1341 1202 1490 1259 {aanor
1511 1202 1669 1260 γενήσῃ»

124 1266 162 1310 εἰ
192 1269 309 1324 F1T3
340 1271 413 1313 καὶ
444 1279 537 1321 τοῖς
570 1269 719 1328 {aanor
748 1268 931 1325 βιώσεις
963 1269 1001 1312 εἰ
1033 1268 1085 1325 D]
1120 1286 1129 1313 :
1160 1272 1233 1313 καὶ
1265 1278 1358 1321 Ιτοῖς
1391 1267 1543 1321 ἄλλοις
1576 1271 1668 1314 δια-

124 1335 246 1395 ζήσει
275 1336 330 1380 vd
363 1339 422 1381 H¹
465 1339 573 1390 (Sim.
606 1339 661 1381 P4
686 1340 729 1382 ni
762 1339 876 1394 quod
908 1337 1059 1396 ὁιαζῆς
1091 1335 1202 1390 εἶτα)
1251 1337 1336 1394 [καὶ
1378 1347 1473 1389 τοῖς
1516 1336 1669 1390 ἄλλοις

123 1404 306 1464 ὄιαζήση
338 1401 413 1448 τ’ὅι
445 1407 499 1449 Ρ1
530 1406 604 1448 καὶ
635 1414 728 1456 τοῖς
760 1404 912 1457 ἄλλοις
943 1405 1142 1462 διαζήσει
1172 1401 1247 1448 τ’ἕι
1279 1408 1313 1449 Β
1358 1408 1432 1449 καὶ
1463 1416 1558 1457 τοῖς
1591 1404 1669 1449 ἅλ-

122 1474 217 1525 λοις
249 1473 398 1532 ὃιαζῆς
430 1471 526 1518 εἶτα
557 1475 678 1532 LP⁴9
709 1477 782 1519 καὶ
813 1484 907 1526 τοῖς
940 1471 1092 1525 ἄλλοις
1124 1474 1274 1532 ὄιαζῆς
1306 1474 1344 1517 εἰ
1375 1473 1420 1531 d]
1468 1474 1480 1531 ss
1520 1477 1583 1520 ΙΙΙ
1618 1481 1665 1519 Η

122 1537 234 1584 ἀλλὰ
266 1557 350 1597 mg.
383 1544 444 1586 H2
478 1539 593 1599 [ἀλλ’
628 1543 709 1600 γΤ]
744 1561 753 1586 :
786 1558 866 1587 om.
899 1544 961 1586 Ht
984 1544 1165 1598 BPLdQ.

232 1611 474 1666 Usurpasse
507 1611 635 1665 igitur
667 1611 905 1655 censendus
937 1615 1001 1654 est
1032 1614 1246 1654 corrector
1277 1611 1339 1652 H2
1371 1615 1446 1653 aut
1476 1611 1671 1655 codicem

119 1679 153 1720 F
189 1684 262 1721 aut
297 1680 334 1720 Τ
364 1684 438 1721 aut
476 1680 632 1721 librum
670 1679 820 1721 horum
852 1679 1130 1721 simillimum.
1193 1691 1342 1722 verum
1376 1678 1483 1721 haec
1514 1679 1568 1721 de
1601 1694 1668 1723 co-

119 1746 215 1790 dice
237 1746 277 1788 H
308 1745 526 1791 hactenus.

234 1815 488 1869 Priusquam
512 1828 614 1857 vero
638 1816 681 1857 in
712 1815 1025 1857 dinumeranda
1056 1815 1155 1856 libri
1177 1815 1211 1855 P
1239 1815 1447 1868 progenie
1477 1828 1666 1869 pergam,

120 1895 194 1925 eos
225 1886 374 1925 notare
405 1881 605 1925 conducit
635 1882 806 1925 codices
839 1895 944 1936 quos
977 1895 1032 1925 ex
1064 1882 1173 1924 libro
1204 1882 1242 1923 H
1274 1886 1537 1936 propagatos
1571 1896 1665 1925 esse

118 1951 245 1995 certis
277 1950 559 1994 demonstrari
590 1953 732 2005 potest
761 1950 1047 2004 argumentis:
1089 1953 1187 1991 sunt
1226 1953 1310 1992 tres
1342 1962 1539 2004 numero,
1581 1951 1663 1994 for-

117 2023 231 2063 tasse
253 2023 463 2074 quattuor.
525 2032 680 2073 agmen
706 2017 835 2062 ducat
865 2018 1004 2061 codex
1034 2015 1059 2059 Ι
1091 2030 1215 2072 quem
1238 2018 1455 2061 Usenerus
1488 2020 1661 2073 quidem

117 2087 291 2142 Epicur.
311 2101 381 2142 pg.
400 2087 463 2129 XI
480 2100 534 2130 ex
555 2087 649 2141 ipso
668 2087 702 2128 P
719 2086 959 2129 derivatum
978 2098 1071 2129 esse
1092 2086 1240 2129 statuit
1261 2087 1355 2131 loco
1373 2086 1519 2140 aliquo
1541 2089 1659 2131 nisus

117 2157 145 2199 l.
178 2156 219 2199 X
252 2160 275 2207 ξ
312 2160 389 2198 r154
429 2156 502 2198 ubi
542 2154 615 2198 ille
648 2154 785 2198 codex
827 2168 911 2197 non
948 2155 1084 2198 solum
1118 2155 1160 2196 in
1192 2154 1419 2197 verborum
1461 2160 1662 2198 contextu

117 2225 316 2269 vitiosam
357 2224 610 2279 scripturam
649 2218 710 2271 (ὃς
742 2220 856 2277 πρὸς
890 2222 938 2264 σὲ
971 2221 1069 2263 δέον
1101 2235 1195 2265 cum
1228 2222 1261 2264 P
1294 2221 1542 2279 exhiberet,
1584 2225 1662 2267 sed

118 2294 247 2336 etiam
277 2294 319 2335 in
351 2293 541 2346 margine
573 2292 752 2345 perinde
783 2295 910 2345 atque
943 2291 1012 2333 hic
1043 2289 1256 2332 adiectam
1288 2289 1468 2333 haberet
1497 2293 1661 2335 variam

116 2362 344 2405 lectionem
382 2376 433 2416 γρ
472 2355 532 2409 ὡς
564 2358 698 2402 ἔλεον.
761 2359 875 2413 quod
914 2361 1210 2412 argumentum
1249 2358 1440 2412 profecto
1482 2361 1661 2402 maximi

116 2429 319 2486 ponderis
362 2434 494 2484 esset,
542 2429 578 2473 si
617 2429 660 2471 in
700 2428 810 2471 libro
841 2427 860 2469 Ι
892 2426 998 2469 haec
1037 2430 1139 2469 nota
1169 2427 1419 2481 marginalis
1465 2427 1518 2470 ab
1566 2429 1659 2482 ipso

117 2500 294 2544 librario
327 2502 504 2542 exarata
535 2502 667 2541 esset:
714 2510 825 2539 nunc
855 2510 881 2538 a
912 2499 1150 2538 correctore
1171 2495 1212 2537 Ι2
1244 2494 1301 2546 (h.
1326 2508 1362 2537 e.
1388 2495 1659 2547 Bessarione)

117 2569 335 2623 adscripta
352 2571 427 2621 est,
446 2570 491 2609 ut
511 2565 640 2608 fidem
658 2565 909 2609 Useneriani
927 2563 1166 2617 argumenti
1184 2575 1286 2605 sane
1310 2575 1438 2616 quam
1461 2563 1659 2607 fallacem

120 2651 214 2682 esse
238 2637 415 2680 eluceat.
469 2634 662 2677 codicem
684 2634 704 2676 I
731 2633 872 2687 potius
893 2631 950 2675 ad
972 2632 1126 2673 librum
1149 2630 1187 2672 H
1211 2631 1425 2684 pertinere
1459 2632 1661 2685 equidem

118 2706 246 2758 sensi,
269 2718 365 2750 cum
381 2702 629 2747 memoriam
648 2702 738 2745 eius
756 2704 900 2745 curate
919 2699 1223 2744 excussissem:
1246 2698 1478 2755 participat
1500 2702 1662 2758 quippe
