1861 3229
147 180 201 217 88
743 177 911 221 Edgarus
936 176 1099 212 Martini.

147 294 347 338 librarios
384 292 573 337 universi
610 292 702 336 fere
734 292 954 337 contulere
986 296 1264 337 correctores.
1309 291 1515 348 prosodia
1544 290 1698 337 eadem

148 362 436 405 inconstantia
466 364 622 403 exacta
653 365 720 405 est
750 366 881 416 atque
912 361 956 403 in
988 361 1210 404 codicibus
1240 361 1367 404 BVL.

262 428 608 473 Correctionibus
648 428 1044 486 additamentisque
1075 428 1260 473 diversis
1290 429 1489 474 manibus
1517 429 1697 486 patratis

146 498 255 539 liber
271 497 492 540 Parisinus
508 497 661 540 adfluit
682 503 726 541 et
745 499 948 541 abundat.
979 512 1062 541 non
1083 498 1203 540 nulla
1224 498 1398 552 quidem
1420 499 1503 553 ipsi
1520 499 1698 552 librarii,

145 564 263 619 prior
293 564 337 606 in
367 564 585 608 anteriore
615 565 778 610 codicis
809 570 945 622 parte,
987 566 1096 609 alter
1126 565 1170 607 in
1199 566 1451 621 posteriore,
1483 569 1526 609 et
1555 578 1696 609 emen-

146 632 305 675 davere
332 636 376 675 et
397 632 687 688 adnotavere3
717 636 850 678 multo
873 648 977 678 vero
1006 634 1241 677 crebriores
1269 634 1556 677 correctiones
1576 637 1696 677 notu·

144 699 300 754 laeque
322 704 422 743 sunt
445 713 473 743 a
494 713 574 744 sex
596 706 881 745 correctorum
903 702 1098 745 manibus
1118 701 1337 756 profectae
1353 713 1533 755 quarum
1553 704 1697 744 tamen

145 767 366 811 distinctio
399 768 518 812 haud
547 783 646 813 raro
678 771 847 825 magnis
879 769 1202 814 difficultatibus
1234 769 1424 813 obnoxia
1454 773 1530 813 est.
1577 773 1696 813 vetu-

145 836 360 879 stissimus
381 842 525 881 autem
549 843 764 882 corrector
784 841 821 887 1)
844 835 905 879 Ρ2
927 839 1047 881 cuius
1068 838 1335 893 pigmentum
1357 837 1489 881 habet
1509 838 1697 882 colorem

144 903 313 947 fuscum
347 904 554 960 cuiusque
586 907 756 949 litterae
788 906 995 950 mediocri
1026 905 1322 961 magnitudine
1343 910 1453 948 sunt.
1513 907 1699 949 correxit

146 973 285 1015 multa
305 986 431 1016 erasa
450 975 595 1028 priore
616 975 823 1029 lectione;
854 973 926 1017 hic
956 974 1046 1017 illic
1077 974 1208 1016 etiam
1240 974 1421 1017 omissas
1452 974 1545 1017 sive
1569 987 1698 1018 voces

148 1040 242 1083 sive
273 1041 439 1084 litteras
461 1042 505 1083 in
527 1046 775 1085 contextum
806 1042 1027 1096 scriptoris
1049 1041 1239 1084 inseruit.
1290 1045 1516 1095 praeterea
1536 1042 1571 1085 si
1593 1042 1697 1096 quid

148 1108 280 1151 video
301 1108 358 1152 ad
380 1122 476 1152 eum
499 1109 747 1153 revocanda
768 1114 832 1152 est
854 1113 955 1152 nota
977 1109 1053 1151 illa
1075 1121 1186 1163 quae
1208 1109 1280 1151 fol.
1302 1110 1401 1150 112v
1423 1110 1494 1159 (=
1510 1110 1537 1151 l.
1550 1109 1609 1151 VI
1624 1110 1697 1159 in.)

146 1176 359 1231 reperitur
398 1177 442 1218 in
480 1177 684 1220 inferiore
725 1177 940 1230 margine:
986 1170 1256 1232 ἇντισθένης
1291 1176 1472 1231 πρῶτος
1502 1172 1696 1233 ὡρίσατο

145 1243 223 1286 τὸν
245 1240 435 1299 ὁρισμὸν
458 1241 601 1285 εἰπών
623 1239 812 1298 ὁρισμός
843 1241 939 1286 ἐστι
961 1241 1090 1298 λόγος
1122 1239 1144 1285 ὁ
1167 1240 1216 1285 τὸ
1240 1245 1286 1285 τί
1307 1231 1358 1299 ἦν
1390 1240 1505 1287 εἶναι
1537 1244 1696 1302 δηλῶν.

146 1313 339 1367 sequitur
371 1314 413 1363 2)
443 1309 505 1353 P3
538 1312 659 1355 cuius
689 1313 920 1356 atramenti
959 1313 1078 1357 color
1114 1312 1245 1354 etiam
1276 1310 1415 1366 magis
1444 1312 1588 1356 fuscus
1619 1317 1696 1357 est.

144 1382 315 1425 litterae
345 1380 494 1436 paullo
532 1380 765 1424 crassiores
802 1385 900 1424 sunt
929 1393 1060 1436 quam
1090 1393 1242 1423 manus
1262 1378 1332 1423 P2.
1383 1380 1520 1424 multa
1548 1381 1623 1425 ille
1653 1382 1697 1425 in

144 1451 275 1492 litura
308 1449 518 1503 correxit;
564 1462 649 1491 non
684 1461 902 1503 nunquam
939 1463 1018 1492 sua
1052 1449 1368 1504 suprascripsit,
1405 1449 1623 1493 rarissime
1653 1451 1697 1493 in

145 1518 342 1572 margine
376 1517 532 1572 posuit.
593 1517 721 1570 longe
751 1517 938 1571 plurima
978 1530 1082 1560 vero
1112 1518 1296 1560 mutavit
1335 1518 1375 1566 3)
1406 1515 1469 1559 1³4
1501 1518 1573 1571 qui
1603 1518 1697 1573 pig-

147 1590 291 1628 mento
321 1597 423 1628 usus
455 1588 520 1626 est
550 1583 678 1636 flavo,
714 1585 956 1627 litteratura
985 1585 1158 1638 pusilla.
1205 1585 1241 1627 is
1261 1585 1452 1627 maxima
1473 1584 1701 1640 diligentia

147 1657 282 1697 totum
321 1652 479 1695 librum
510 1664 537 1694 a
567 1652 711 1707 capite
750 1651 807 1694 ad
848 1652 1011 1695 calcem
1050 1651 1301 1695 retractavit
1339 1655 1384 1694 ut
1419 1652 1496 1695 vix
1525 1653 1617 1697 ulla
1645 1653 1701 1697 sit

147 1720 324 1776 pagella
354 1733 466 1774 quae
498 1733 583 1762 non
624 1721 715 1762 eius
752 1732 928 1773 operam
969 1724 1204 1763 attestetur.
1275 1718 1563 1763 addicendum
1603 1734 1700 1764 eum

149 1801 245 1833 esse
276 1788 452 1832 saeculo
483 1787 580 1839 XV,
611 1800 707 1831 cum
736 1786 794 1830 P2
823 1791 865 1830 et
886 1786 941 1829 P3
972 1786 1028 1831 ad
1060 1787 1277 1831 saeculum
1308 1785 1414 1829 XIV
1443 1782 1699 1843 pertineant,

146 1858 360 1912 scriptura
380 1856 562 1900 adfatim
585 1856 723 1900 docet.
776 1857 1120 1900 internoscantur
1140 1860 1283 1898 autem
1316 1855 1408 1900 eius
1431 1861 1699 1901 correcturae

144 1926 350 1969 facillime
380 1938 408 1968 a
438 1924 592 1969 ceteris
624 1937 676 1968 eo
706 1923 821 1979 quod
858 1928 1059 1968 accentus
1099 1936 1195 1966 cum
1236 1923 1457 1979 spiritibus
1496 1925 1700 1979 copulare

144 1994 326 2038 adsolet.
386 1997 558 2048 praeter
589 1993 874 2036 correctiones
908 1996 1052 2036 autem
1083 1992 1140 2034 ad
1172 2004 1269 2035 eum
1299 1991 1442 2036 redire
1471 1997 1577 2048 puto
1607 1994 1698 2049 ple-

143 2076 221 2107 nas
257 2062 464 2106 librorum
500 2060 802 2116 inscriptiones
840 2064 971 2116 atque
1009 2060 1178 2103 notulas
1214 2064 1514 2115 argumentum
1544 2065 1698 2105 tracta-

143 2138 232 2175 tum
273 2131 544 2175 declarantes
589 2130 839 2184 (praecipue
885 2129 985 2172 libri
1028 2129 1172 2179 tertii).
1242 2142 1340 2172 rara
1378 2134 1477 2173 sunt
1513 2131 1701 2185 vestigia

144 2198 397 2243 correctoris
438 2199 479 2248 4)
520 2194 582 2239 1³⁵
622 2197 743 2246 cuius
782 2197 968 2240 tinctura
1010 2208 1163 2239 canum
1204 2195 1336 2240 habet
1374 2197 1581 2252 colorem,
1626 2199 1699 2241 lit-

143 2272 261 2310 terae
292 2268 482 2309 minutae
513 2270 630 2319 sunt;
672 2264 969 2319 adsignandus
1009 2268 1051 2307 et
1089 2264 1183 2318 ipse
1220 2264 1394 2307 saeculo
1424 2263 1521 2307 XV.
1580 2265 1699 2309 facil·

143 2335 247 2378 lime
286 2334 416 2378 etiam
449 2347 476 2378 a
510 2334 690 2389 reliquis
728 2332 1047 2388 distinguuntur
1087 2330 1412 2375 emendationes
1448 2333 1705 2378 correctoris·

144 2405 188 2456 5)
220 2402 283 2446 P6
314 2416 425 2458 quae
465 2416 573 2447 cano
604 2406 845 2446 atramento
885 2400 1109 2455 arduaque
1141 2403 1184 2443 et
1216 2399 1452 2454 ineleganti
1490 2403 1700 2457 scriptura

144 2476 350 2515 exaratae
372 2476 483 2514 sunt.
528 2475 748 2526 postremo
769 2467 1149 2513 commemoranda
1171 2472 1236 2511 est
1257 2481 1407 2512 manus
1428 2470 1470 2520 6)
1492 2467 1554 2512 P⁷
1570 2471 1701 2514 modo

144 2554 251 2584 cano
273 2539 403 2584 modo
424 2541 555 2584 rubro
576 2540 800 2596 pigmento
822 2551 912 2582 usa,
950 2538 1122 2582 litterae
1144 2537 1235 2580 eius
1257 2550 1442 2593 magnae
1465 2542 1508 2582 et
1528 2551 1701 2583 crassae

145 2613 252 2651 sunt.
285 2609 524 2663 marginem
541 2608 753 2652 futtilibus
770 2607 883 2650 notis
905 2607 1124 2662 implevit;
1149 2605 1364 2649 interdum
1385 2607 1515 2649 etiam
1532 2607 1701 2661 glossas

143 2675 398 2730 adscripsit:
438 2677 557 2719 velut
594 2675 653 2719 ad
682 2676 703 2718 I
735 2676 788 2718 88
821 2673 1027 2730 ἑφόδιονε
1068 2670 1201 2733 ἤγουν
1231 2671 1418 2730 τροφήν.
1478 2687 1563 2717 uno
1594 2674 1698 2718 duo-
