<?xml version="1.0" encoding="UTF-8"?>
<!DOCTYPE html PUBLIC "-//W3C//DTD XHTML 1.0 Transitional//EN"
    "http://www.w3.org/TR/xhtml1/DTD/xhtml1-transitional.dtd">
<html xmlns="http://www.w3.org/1999/xhtml" xml:lang="en" lang="en">
 <head>
  <title>
</title>
<meta http-equiv="Content-Type" content="text/html;charset=utf-8" />
  <meta name='ocr-system' content='tesseract 3.04.00' />
  <meta name='ocr-capabilities' content='ocr_page ocr_carea ocr_par ocr_line ocrx_word'/>
</head>
<body>
  <div class='ocr_page' id='page_1' title='image "4627071_0013.png"; bbox 0 0 1861 3229; ppageno 0'>
   <div class='ocr_carea' id='block_1_1' title="bbox 711 694 1119 747">
    <p class='ocr_par' dir='ltr' id='par_1_1' title="bbox 711 694 1119 747">
     <span class='ocr_line' id='line_1_1' title="bbox 711 694 1119 747; baseline -0.007 -1"><span class='ocrx_word' id='word_1_1' title='bbox 711 694 1119 747; x_wconf 87' lang='lat' dir='ltr'><strong>PRAEFATIO.</strong></span> 
     </span>
    </p>
   </div>
   <div class='ocr_carea' id='block_1_2' title="bbox 135 821 1689 2720">
    <p class='ocr_par' dir='ltr' id='par_1_2' title="bbox 135 821 1689 2720">
     <span class='ocr_line' id='line_1_2' title="bbox 255 821 1688 877; baseline -0.002 -11"><span class='ocrx_word' id='word_1_2' title='bbox 255 823 325 866; x_wconf 89' lang='lat' dir='ltr'><strong>Ad</strong></span> <span class='ocrx_word' id='word_1_3' title='bbox 355 823 655 877; x_wconf 87' lang='lat' dir='ltr'><strong>gravissimam</strong></span> <span class='ocrx_word' id='word_1_4' title='bbox 687 822 742 865; x_wconf 87' lang='lat' dir='ltr'><strong>de</strong></span> <span class='ocrx_word' id='word_1_5' title='bbox 772 821 894 864; x_wconf 87' lang='lat' dir='ltr'><strong>libris</strong></span> <span class='ocrx_word' id='word_1_6' title='bbox 924 821 1165 864; x_wconf 78' lang='lat' dir='ltr'><strong>Lacr-tianis</strong></span> <span class='ocrx_word' id='word_1_7' title='bbox 1197 822 1494 875; x_wconf 86' lang='lat' dir='ltr'><strong>quaestionem</strong></span> <span class='ocrx_word' id='word_1_8' title='bbox 1526 822 1688 875; x_wconf 88' lang='lat' dir='ltr'><strong>primus</strong></span> 
     </span>
     <span class='ocr_line' id='line_1_3' title="bbox 140 887 1688 943; baseline -0.003 -9"><span class='ocrx_word' id='word_1_9' title='bbox 140 891 222 935; x_wconf 91' lang='lat' dir='ltr'><strong>hoc</strong></span> <span class='ocrx_word' id='word_1_10' title='bbox 283 891 456 934; x_wconf 87' lang='lat' dir='ltr'><strong>saeculo</strong></span> <span class='ocrx_word' id='word_1_11' title='bbox 514 890 697 934; x_wconf 86' lang='lat' dir='ltr'><strong>accessit</strong></span> <span class='ocrx_word' id='word_1_12' title='bbox 754 889 973 933; x_wconf 86' lang='lat' dir='ltr'><strong>Curtius</strong></span> <span class='ocrx_word' id='word_1_13' title='bbox 1026 887 1468 932; x_wconf 89' lang='lat' dir='ltr'><strong>Wachsmuthius</strong></span> <span class='ocrx_word' id='word_1_14' title='bbox 1520 888 1594 943; x_wconf 87' lang='lat' dir='ltr'><strong>qui</strong></span> <span class='ocrx_word' id='word_1_15' title='bbox 1645 888 1688 930; x_wconf 90' lang='lat' dir='ltr'><strong>in</strong></span> 
     </span>
     <span class='ocr_line' id='line_1_4' title="bbox 143 955 1688 1013; baseline -0.002 -13"><span class='ocrx_word' id='word_1_16' title='bbox 143 957 392 1013; x_wconf 69' lang='lat' dir='ltr'><strong>corpusculi</strong></span> <span class='ocrx_word' id='word_1_17' title='bbox 423 959 565 1013; x_wconf 79' lang='lat' dir='ltr'><strong>poesis</strong></span> <span class='ocrx_word' id='word_1_18' title='bbox 604 958 746 1012; x_wconf 81' lang='lat' dir='ltr'><strong>epz&#39;cae</strong></span> <span class='ocrx_word' id='word_1_19' title='bbox 790 955 982 999; x_wconf 80' lang='lat' dir='ltr'><em>Graecae</em></span> <span class='ocrx_word' id='word_1_20' title='bbox 1022 955 1273 997; x_wconf 81' lang='lat' dir='ltr'><em>ludibundae</em></span> <span class='ocrx_word' id='word_1_21' title='bbox 1323 956 1426 999; x_wconf 88' lang='lat' dir='ltr'><strong>fasc.</strong></span> <span class='ocrx_word' id='word_1_22' title='bbox 1460 957 1502 999; x_wconf 94' lang='lat' dir='ltr'><strong>II</strong></span> <span class='ocrx_word' id='word_1_23' title='bbox 1544 956 1688 1006; x_wconf 84' lang='lat'>(1885)</span> 
     </span>
     <span class='ocr_line' id='line_1_5' title="bbox 139 1023 1686 1081; baseline -0.003 -11"><span class='ocrx_word' id='word_1_24' title='bbox 139 1040 212 1081; x_wconf 82' lang='lat' dir='ltr'><strong>pg.</strong></span> <span class='ocrx_word' id='word_1_25' title='bbox 234 1030 284 1068; x_wconf 87' lang='lat'><strong>51</strong></span> <span class='ocrx_word' id='word_1_26' title='bbox 310 1040 462 1081; x_wconf 83' lang='lat' dir='ltr'><strong>proxx.</strong></span> <span class='ocrx_word' id='word_1_27' title='bbox 495 1026 746 1070; x_wconf 89' lang='lat' dir='ltr'><strong>adcuratam</strong></span> <span class='ocrx_word' id='word_1_28' title='bbox 770 1026 983 1080; x_wconf 89' lang='lat' dir='ltr'><strong>potiorum</strong></span> <span class='ocrx_word' id='word_1_29' title='bbox 1005 1025 1261 1068; x_wconf 87' lang='lat' dir='ltr'><strong>Laertianae</strong></span> <span class='ocrx_word' id='word_1_30' title='bbox 1292 1025 1540 1079; x_wconf 83' lang='lat' dir='ltr'><strong>scriptionis</strong></span> <span class='ocrx_word' id='word_1_31' title='bbox 1572 1023 1686 1066; x_wconf 86' lang='lat' dir='ltr'><strong>codi—</strong></span> 
     </span>
     <span class='ocr_line' id='line_1_6' title="bbox 141 1092 1689 1147; baseline -0.003 -10"><span class='ocrx_word' id='word_1_32' title='bbox 141 1108 236 1138; x_wconf 93' lang='lat' dir='ltr'><strong>cum</strong></span> <span class='ocrx_word' id='word_1_33' title='bbox 268 1094 635 1137; x_wconf 80' lang='lat' dir='ltr'><strong>enumerationem</strong></span> <span class='ocrx_word' id='word_1_34' title='bbox 674 1092 872 1136; x_wconf 86' lang='lat' dir='ltr'><strong>exhibuit</strong></span> <span class='ocrx_word' id='word_1_35' title='bbox 909 1093 1220 1147; x_wconf 82' lang='lat' dir='ltr'><strong>meliorumque</strong></span> <span class='ocrx_word' id='word_1_36' title='bbox 1260 1092 1465 1134; x_wconf 86' lang='lat' dir='ltr'><strong>librorum</strong></span> <span class='ocrx_word' id='word_1_37' title='bbox 1506 1095 1689 1134; x_wconf 86' lang='lat' dir='ltr'><strong>stemma</strong></span> 
     </span>
     <span class='ocr_line' id='line_1_7' title="bbox 139 1159 1686 1217; baseline -0.003 -12"><span class='ocrx_word' id='word_1_38' title='bbox 139 1161 370 1206; x_wconf 88' lang='lat' dir='ltr'><strong>constituit.</strong></span> <span class='ocrx_word' id='word_1_39' title='bbox 428 1175 512 1217; x_wconf 92' lang='lat' dir='ltr'><strong>quo</strong></span> <span class='ocrx_word' id='word_1_40' title='bbox 547 1160 822 1204; x_wconf 89' lang='lat' dir='ltr'><strong>fundamento</strong></span> <span class='ocrx_word' id='word_1_41' title='bbox 854 1161 1016 1204; x_wconf 87' lang='lat' dir='ltr'><strong>innisus</strong></span> <span class='ocrx_word' id='word_1_42' title='bbox 1046 1160 1363 1215; x_wconf 85' lang='lat' dir='ltr'><strong>praesidiisque</strong></span> <span class='ocrx_word' id='word_1_43' title='bbox 1406 1159 1686 1214; x_wconf 86' lang='lat' dir='ltr'><strong>amplioribus</strong></span> 
     </span>
     <span class='ocr_line' id='line_1_8' title="bbox 139 1229 1684 1285; baseline -0.002 -12"><span class='ocrx_word' id='word_1_44' title='bbox 139 1231 367 1274; x_wconf 89' lang='lat' dir='ltr'><strong>instructus</strong></span> <span class='ocrx_word' id='word_1_45' title='bbox 389 1231 539 1285; x_wconf 83' lang='lat' dir='ltr'><strong>paucis</strong></span> <span class='ocrx_word' id='word_1_46' title='bbox 560 1230 683 1273; x_wconf 90' lang='lat' dir='ltr'><strong>annis</strong></span> <span class='ocrx_word' id='word_1_47' title='bbox 703 1233 802 1285; x_wconf 90' lang='lat' dir='ltr'><strong>post</strong></span> <span class='ocrx_word' id='word_1_48' title='bbox 822 1229 1155 1273; x_wconf 87' lang='lat' dir='ltr'><strong>Hermannus</strong></span> <span class='ocrx_word' id='word_1_49' title='bbox 1178 1229 1454 1273; x_wconf 87' lang='lat' dir='ltr'><strong>Usenerus</strong></span> <span class='ocrx_word' id='word_1_50' title='bbox 1487 1229 1530 1271; x_wconf 93' lang='lat' dir='ltr'><strong>in</strong></span> <span class='ocrx_word' id='word_1_51' title='bbox 1562 1240 1684 1282; x_wconf 88' lang='lat' dir='ltr'><strong>prae-</strong></span> 
     </span>
     <span class='ocr_line' id='line_1_9' title="bbox 137 1295 1683 1352; baseline -0.003 -11"><span class='ocrx_word' id='word_1_52' title='bbox 137 1297 304 1341; x_wconf 88' lang='lat' dir='ltr'><strong>fatione</strong></span> <span class='ocrx_word' id='word_1_53' title='bbox 326 1297 633 1352; x_wconf 81' lang='lat' dir='ltr'><strong>Epicureorum</strong></span> <span class='ocrx_word' id='word_1_54' title='bbox 654 1310 726 1352; x_wconf 85' lang='lat' dir='ltr'><strong>pg.</strong></span> <span class='ocrx_word' id='word_1_55' title='bbox 738 1296 799 1339; x_wconf 91' lang='lat' dir='ltr'><strong>VI</strong></span> <span class='ocrx_word' id='word_1_56' title='bbox 814 1309 906 1351; x_wconf 91' lang='lat' dir='ltr'><strong>sqq.</strong></span> <span class='ocrx_word' id='word_1_57' title='bbox 937 1310 1026 1340; x_wconf 87' lang='lat' dir='ltr'><strong>rem</strong></span> <span class='ocrx_word' id='word_1_58' title='bbox 1050 1311 1075 1340; x_wconf 89' lang='lat' dir='ltr'><strong>a</strong></span> <span class='ocrx_word' id='word_1_59' title='bbox 1093 1297 1415 1340; x_wconf 87' lang='lat' dir='ltr'><strong>Wachsmuthio</strong></span> <span class='ocrx_word' id='word_1_60' title='bbox 1438 1295 1683 1340; x_wconf 86' lang='lat' dir='ltr'><strong>incohatam</strong></span> 
     </span>
     <span class='ocr_line' id='line_1_10' title="bbox 140 1365 1685 1420; baseline -0.002 -11"><span class='ocrx_word' id='word_1_61' title='bbox 140 1366 408 1409; x_wconf 87' lang='lat' dir='ltr'><strong>continuavit</strong></span> <span class='ocrx_word' id='word_1_62' title='bbox 436 1370 565 1420; x_wconf 86' lang='lat' dir='ltr'><strong>atque</strong></span> <span class='ocrx_word' id='word_1_63' title='bbox 593 1365 846 1409; x_wconf 84' lang='lat' dir='ltr'><strong>felicissimo</strong></span> <span class='ocrx_word' id='word_1_64' title='bbox 879 1366 1094 1419; x_wconf 90' lang='lat' dir='ltr'><strong>promovit</strong></span> <span class='ocrx_word' id='word_1_65' title='bbox 1124 1379 1337 1409; x_wconf 89' lang='lat' dir='ltr'><strong>successu.</strong></span> <span class='ocrx_word' id='word_1_66' title='bbox 1394 1365 1511 1420; x_wconf 89' lang='lat' dir='ltr'><strong>quod</strong></span> <span class='ocrx_word' id='word_1_67' title='bbox 1541 1370 1685 1407; x_wconf 88' lang='lat' dir='ltr'><strong>tamen</strong></span> 
     </span>
     <span class='ocr_line' id='line_1_11' title="bbox 140 1433 1685 1488; baseline -0.002 -11"><span class='ocrx_word' id='word_1_68' title='bbox 140 1438 240 1488; x_wconf 88' lang='lat' dir='ltr'><strong>post</strong></span> <span class='ocrx_word' id='word_1_69' title='bbox 268 1433 397 1477; x_wconf 87' lang='lat' dir='ltr'><strong>hasce</strong></span> <span class='ocrx_word' id='word_1_70' title='bbox 429 1446 551 1476; x_wconf 88' lang='lat' dir='ltr'><strong>curas</strong></span> <span class='ocrx_word' id='word_1_71' title='bbox 582 1446 685 1476; x_wconf 84' lang='lat' dir='ltr'><strong>vere</strong></span> <span class='ocrx_word' id='word_1_72' title='bbox 715 1433 928 1487; x_wconf 88' lang='lat' dir='ltr'><strong>palmares</strong></span> <span class='ocrx_word' id='word_1_73' title='bbox 960 1433 1155 1487; x_wconf 83' lang='lat' dir='ltr'><strong>quaestio</strong></span> <span class='ocrx_word' id='word_1_74' title='bbox 1187 1434 1263 1475; x_wconf 86' lang='lat' dir='ltr'><strong>illa</strong></span> <span class='ocrx_word' id='word_1_75' title='bbox 1293 1446 1565 1487; x_wconf 85' lang='lat' dir='ltr'><strong>nequaquam</strong></span> <span class='ocrx_word' id='word_1_76' title='bbox 1598 1434 1685 1474; x_wconf 92' lang='lat' dir='ltr'><strong>iam</strong></span> 
     </span>
     <span class='ocr_line' id='line_1_12' title="bbox 142 1500 1685 1555; baseline -0.001 -11"><span class='ocrx_word' id='word_1_77' title='bbox 142 1501 313 1545; x_wconf 89' lang='lat' dir='ltr'><strong>videtur</strong></span> <span class='ocrx_word' id='word_1_78' title='bbox 335 1514 429 1545; x_wconf 85' lang='lat' dir='ltr'><strong>esse</strong></span> <span class='ocrx_word' id='word_1_79' title='bbox 450 1501 659 1555; x_wconf 86' lang='lat' dir='ltr'><strong>absoluta,</strong></span> <span class='ocrx_word' id='word_1_80' title='bbox 690 1505 776 1543; x_wconf 87' lang='lat' dir='ltr'><strong>tres</strong></span> <span class='ocrx_word' id='word_1_81' title='bbox 806 1500 1076 1555; x_wconf 89' lang='lat' dir='ltr'><strong>potissimum</strong></span> <span class='ocrx_word' id='word_1_82' title='bbox 1106 1514 1174 1544; x_wconf 89' lang='lat' dir='ltr'><strong>res</strong></span> <span class='ocrx_word' id='word_1_83' title='bbox 1206 1502 1249 1543; x_wconf 92' lang='lat' dir='ltr'><strong>in</strong></span> <span class='ocrx_word' id='word_1_84' title='bbox 1281 1514 1411 1544; x_wconf 88' lang='lat' dir='ltr'><strong>causa</strong></span> <span class='ocrx_word' id='word_1_85' title='bbox 1441 1506 1550 1544; x_wconf 90' lang='lat' dir='ltr'><strong>sunt.</strong></span> <span class='ocrx_word' id='word_1_86' title='bbox 1601 1501 1685 1555; x_wconf 88' lang='lat' dir='ltr'><strong>pri·</strong></span> 
     </span>
     <span class='ocr_line' id='line_1_13' title="bbox 139 1569 1685 1624; baseline -0.001 -11"><span class='ocrx_word' id='word_1_87' title='bbox 139 1583 255 1613; x_wconf 91' lang='lat' dir='ltr'><strong>mum</strong></span> <span class='ocrx_word' id='word_1_88' title='bbox 278 1570 392 1613; x_wconf 89' lang='lat' dir='ltr'><strong>enim</strong></span> <span class='ocrx_word' id='word_1_89' title='bbox 412 1573 592 1623; x_wconf 88' lang='lat' dir='ltr'><strong>uterque</strong></span> <span class='ocrx_word' id='word_1_90' title='bbox 622 1570 689 1612; x_wconf 89' lang='lat' dir='ltr'><strong>vir</strong></span> <span class='ocrx_word' id='word_1_91' title='bbox 709 1569 981 1612; x_wconf 87' lang='lat' dir='ltr'><strong>doctissimus</strong></span> <span class='ocrx_word' id='word_1_92' title='bbox 1011 1570 1291 1624; x_wconf 85' lang='lat' dir='ltr'><strong>praefationis</strong></span> <span class='ocrx_word' id='word_1_93' title='bbox 1322 1569 1532 1624; x_wconf 88' lang='lat' dir='ltr'><strong>angustiis</strong></span> <span class='ocrx_word' id='word_1_94' title='bbox 1563 1582 1685 1622; x_wconf 86' lang='lat' dir='ltr'><strong>prae-</strong></span> 
     </span>
     <span class='ocr_line' id='line_1_14' title="bbox 138 1637 1686 1693; baseline -0.001 -13"><span class='ocrx_word' id='word_1_95' title='bbox 138 1638 311 1693; x_wconf 90' lang='lat' dir='ltr'><strong>peditus</strong></span> <span class='ocrx_word' id='word_1_96' title='bbox 340 1641 443 1691; x_wconf 85' lang='lat' dir='ltr'><strong>erat,</strong></span> <span class='ocrx_word' id='word_1_97' title='bbox 477 1650 561 1691; x_wconf 91' lang='lat' dir='ltr'><strong>quo</strong></span> <span class='ocrx_word' id='word_1_98' title='bbox 592 1637 731 1680; x_wconf 89' lang='lat' dir='ltr'><strong>minus</strong></span> <span class='ocrx_word' id='word_1_99' title='bbox 762 1638 935 1692; x_wconf 89' lang='lat' dir='ltr'><strong>plenam</strong></span> <span class='ocrx_word' id='word_1_100' title='bbox 966 1638 1274 1692; x_wconf 86' lang='lat' dir='ltr'><strong>copiosamque</strong></span> <span class='ocrx_word' id='word_1_101' title='bbox 1304 1638 1544 1692; x_wconf 87' lang='lat' dir='ltr'><strong>argumenti</strong></span> <span class='ocrx_word' id='word_1_102' title='bbox 1578 1643 1686 1680; x_wconf 88' lang='lat' dir='ltr'><strong>trac-</strong></span> 
     </span>
     <span class='ocr_line' id='line_1_15' title="bbox 138 1705 1684 1761; baseline 0 -12"><span class='ocrx_word' id='word_1_103' title='bbox 138 1706 344 1749; x_wconf 85' lang='lat' dir='ltr'><strong>tationem</strong></span> <span class='ocrx_word' id='word_1_104' title='bbox 369 1710 650 1761; x_wconf 87' lang='lat' dir='ltr'><strong>proponeret;</strong></span> <span class='ocrx_word' id='word_1_105' title='bbox 682 1705 840 1749; x_wconf 89' lang='lat' dir='ltr'><strong>deinde</strong></span> <span class='ocrx_word' id='word_1_106' title='bbox 871 1719 956 1748; x_wconf 91' lang='lat' dir='ltr'><strong>non</strong></span> <span class='ocrx_word' id='word_1_107' title='bbox 987 1705 1041 1748; x_wconf 89' lang='lat' dir='ltr'><strong>de</strong></span> <span class='ocrx_word' id='word_1_108' title='bbox 1073 1706 1268 1749; x_wconf 91' lang='lat' dir='ltr'><strong>omnibus</strong></span> <span class='ocrx_word' id='word_1_109' title='bbox 1301 1706 1421 1749; x_wconf 87' lang='lat' dir='ltr'><strong>libris</strong></span> <span class='ocrx_word' id='word_1_110' title='bbox 1443 1706 1684 1750; x_wconf 86' lang='lat' dir='ltr'><strong>Laertianis</strong></span> 
     </span>
     <span class='ocr_line' id='line_1_16' title="bbox 137 1773 1684 1829; baseline 0.001 -13"><span class='ocrx_word' id='word_1_111' title='bbox 137 1777 223 1816; x_wconf 86' lang='lat' dir='ltr'><strong>tam</strong></span> <span class='ocrx_word' id='word_1_112' title='bbox 264 1773 469 1817; x_wconf 87' lang='lat' dir='ltr'><strong>adcurate</strong></span> <span class='ocrx_word' id='word_1_113' title='bbox 510 1773 653 1817; x_wconf 88' lang='lat' dir='ltr'><strong>edocti</strong></span> <span class='ocrx_word' id='word_1_114' title='bbox 695 1777 815 1816; x_wconf 87' lang='lat' dir='ltr'><strong>erant</strong></span> <span class='ocrx_word' id='word_1_115' title='bbox 862 1787 990 1828; x_wconf 90' lang='lat' dir='ltr'><strong>quam</strong></span> <span class='ocrx_word' id='word_1_116' title='bbox 1032 1774 1321 1828; x_wconf 87' lang='lat' dir='ltr'><strong>expetendum</strong></span> <span class='ocrx_word' id='word_1_117' title='bbox 1364 1774 1684 1829; x_wconf 90' lang='lat' dir='ltr'><strong>optandumque</strong></span> 
     </span>
     <span class='ocr_line' id='line_1_17' title="bbox 138 1841 1683 1897; baseline 0.001 -12"><span class='ocrx_word' id='word_1_118' title='bbox 138 1846 250 1886; x_wconf 89' lang='lat' dir='ltr'><strong>erat:</strong></span> <span class='ocrx_word' id='word_1_119' title='bbox 288 1842 406 1897; x_wconf 90' lang='lat' dir='ltr'><strong>quid,</strong></span> <span class='ocrx_word' id='word_1_120' title='bbox 438 1842 553 1897; x_wconf 89' lang='lat' dir='ltr'><strong>quod</strong></span> <span class='ocrx_word' id='word_1_121' title='bbox 585 1841 852 1897; x_wconf 89' lang='lat' dir='ltr'><strong>quorundam</strong></span> <span class='ocrx_word' id='word_1_122' title='bbox 883 1841 1079 1885; x_wconf 91' lang='lat' dir='ltr'><strong>codicum</strong></span> <span class='ocrx_word' id='word_1_123' title='bbox 1110 1842 1270 1884; x_wconf 92' lang='lat' dir='ltr'><strong>nullam</strong></span> <span class='ocrx_word' id='word_1_124' title='bbox 1304 1843 1476 1885; x_wconf 91' lang='lat' dir='ltr'><strong>omnino</strong></span> <span class='ocrx_word' id='word_1_125' title='bbox 1509 1848 1683 1886; x_wconf 89' lang='lat' dir='ltr'><strong>tenuere</strong></span> 
     </span>
     <span class='ocr_line' id='line_1_18' title="bbox 137 1909 1683 1964; baseline 0 -11"><span class='ocrx_word' id='word_1_126' title='bbox 137 1910 366 1953; x_wconf 81' lang='lat' dir='ltr'><strong>notitiam?</strong></span> <span class='ocrx_word' id='word_1_127' title='bbox 386 1914 612 1964; x_wconf 85' lang='lat' dir='ltr'><strong>praeterea</strong></span> <span class='ocrx_word' id='word_1_128' title='bbox 625 1909 842 1953; x_wconf 85' lang='lat' dir='ltr'><strong>Usenerus</strong></span> <span class='ocrx_word' id='word_1_129' title='bbox 864 1922 941 1963; x_wconf 89' lang='lat' dir='ltr'><strong>pro</strong></span> <span class='ocrx_word' id='word_1_130' title='bbox 964 1910 1144 1952; x_wconf 89' lang='lat' dir='ltr'><strong>consilio</strong></span> <span class='ocrx_word' id='word_1_131' title='bbox 1167 1923 1244 1952; x_wconf 90' lang='lat' dir='ltr'><strong>suo</strong></span> <span class='ocrx_word' id='word_1_132' title='bbox 1266 1923 1311 1952; x_wconf 89' lang='lat' dir='ltr'><strong>se</strong></span> <span class='ocrx_word' id='word_1_133' title='bbox 1335 1911 1543 1952; x_wconf 87' lang='lat' dir='ltr'><strong>continuit</strong></span> <span class='ocrx_word' id='word_1_134' title='bbox 1566 1911 1607 1952; x_wconf 92' lang='lat' dir='ltr'><strong>in</strong></span> <span class='ocrx_word' id='word_1_135' title='bbox 1630 1912 1683 1953; x_wconf 90' lang='lat' dir='ltr'><strong>iis</strong></span> 
     </span>
     <span class='ocr_line' id='line_1_19' title="bbox 138 1977 1683 2034; baseline 0.002 -14"><span class='ocrx_word' id='word_1_136' title='bbox 138 1978 259 2021; x_wconf 87' lang='lat' dir='ltr'><strong>libris</strong></span> <span class='ocrx_word' id='word_1_137' title='bbox 292 1978 589 2022; x_wconf 88' lang='lat' dir='ltr'><strong>examinandis</strong></span> <span class='ocrx_word' id='word_1_138' title='bbox 621 1977 990 2032; x_wconf 84' lang='lat' dir='ltr'><strong>discribendisque</strong></span> <span class='ocrx_word' id='word_1_139' title='bbox 1022 1978 1094 2032; x_wconf 91' lang='lat' dir='ltr'><strong>qui</strong></span> <span class='ocrx_word' id='word_1_140' title='bbox 1116 1978 1278 2021; x_wconf 88' lang='lat' dir='ltr'><strong>Laertii</strong></span> <span class='ocrx_word' id='word_1_141' title='bbox 1309 1979 1467 2022; x_wconf 89' lang='lat' dir='ltr'><strong>librum</strong></span> <span class='ocrx_word' id='word_1_142' title='bbox 1488 1979 1529 2021; x_wconf 95' lang='lat' dir='ltr'>X</span> <span class='ocrx_word' id='word_1_143' title='bbox 1560 1993 1683 2034; x_wconf 85' lang='lat' dir='ltr'><strong>prae-</strong></span> 
     </span>
     <span class='ocr_line' id='line_1_20' title="bbox 136 2045 1684 2100; baseline 0.002 -13"><span class='ocrx_word' id='word_1_144' title='bbox 136 2046 288 2088; x_wconf 89' lang='lat' dir='ltr'><strong>berent</strong></span> <span class='ocrx_word' id='word_1_145' title='bbox 317 2046 529 2099; x_wconf 87' lang='lat' dir='ltr'><strong>integrum</strong></span> <span class='ocrx_word' id='word_1_146' title='bbox 569 2059 678 2100; x_wconf 90' lang='lat' dir='ltr'><strong>eque</strong></span> <span class='ocrx_word' id='word_1_147' title='bbox 717 2047 924 2088; x_wconf 86' lang='lat' dir='ltr'><strong>memoria</strong></span> <span class='ocrx_word' id='word_1_148' title='bbox 964 2045 1088 2088; x_wconf 91' lang='lat' dir='ltr'><strong>huius</strong></span> <span class='ocrx_word' id='word_1_149' title='bbox 1130 2047 1229 2088; x_wconf 90' lang='lat' dir='ltr'><strong>libri</strong></span> <span class='ocrx_word' id='word_1_150' title='bbox 1272 2060 1382 2100; x_wconf 92' lang='lat' dir='ltr'><strong>quae</strong></span> <span class='ocrx_word' id='word_1_151' title='bbox 1422 2050 1532 2090; x_wconf 89' lang='lat' dir='ltr'><strong>ratio</strong></span> <span class='ocrx_word' id='word_1_152' title='bbox 1573 2050 1684 2091; x_wconf 89' lang='lat' dir='ltr'><strong>inter</strong></span> 
     </span>
     <span class='ocr_line' id='line_1_21' title="bbox 136 2113 1683 2169; baseline 0.003 -12"><span class='ocrx_word' id='word_1_153' title='bbox 136 2113 390 2158; x_wconf 87' lang='lat' dir='ltr'><strong>Laertianos</strong></span> <span class='ocrx_word' id='word_1_154' title='bbox 422 2113 593 2157; x_wconf 88' lang='lat' dir='ltr'><strong>codices</strong></span> <span class='ocrx_word' id='word_1_155' title='bbox 625 2113 911 2157; x_wconf 86' lang='lat' dir='ltr'><strong>intercederet</strong></span> <span class='ocrx_word' id='word_1_156' title='bbox 941 2113 1096 2157; x_wconf 84' lang='lat' dir='ltr'><strong>effecit.</strong></span> <span class='ocrx_word' id='word_1_157' title='bbox 1149 2115 1269 2169; x_wconf 88' lang='lat' dir='ltr'><strong>atqui</strong></span> <span class='ocrx_word' id='word_1_158' title='bbox 1290 2116 1388 2158; x_wconf 87' lang='lat' dir='ltr'><strong>libri</strong></span> <span class='ocrx_word' id='word_1_159' title='bbox 1411 2116 1465 2159; x_wconf 90' lang='lat' dir='ltr'><strong>ab</strong></span> <span class='ocrx_word' id='word_1_160' title='bbox 1489 2116 1683 2161; x_wconf 88' lang='lat' dir='ltr'><strong>Usenero</strong></span> 
     </span>
     <span class='ocr_line' id='line_1_22' title="bbox 136 2182 1682 2240; baseline 0.003 -15"><span class='ocrx_word' id='word_1_161' title='bbox 136 2183 324 2238; x_wconf 87' lang='lat' dir='ltr'><strong>neglecti</strong></span> <span class='ocrx_word' id='word_1_162' title='bbox 354 2182 411 2225; x_wconf 90' lang='lat' dir='ltr'><strong>ad</strong></span> <span class='ocrx_word' id='word_1_163' title='bbox 442 2182 777 2237; x_wconf 85' lang='lat' dir='ltr'><strong>intellegendam</strong></span> <span class='ocrx_word' id='word_1_164' title='bbox 798 2182 960 2225; x_wconf 87' lang='lat' dir='ltr'><strong>Laertii</strong></span> <span class='ocrx_word' id='word_1_165' title='bbox 982 2182 1179 2226; x_wconf 89' lang='lat' dir='ltr'><strong>codicum</strong></span> <span class='ocrx_word' id='word_1_166' title='bbox 1203 2185 1504 2238; x_wconf 85' lang='lat' dir='ltr'><strong>cognationem</strong></span> <span class='ocrx_word' id='word_1_167' title='bbox 1526 2186 1682 2240; x_wconf 86' lang='lat' dir='ltr'><strong>partim</strong></span> 
     </span>
     <span class='ocr_line' id='line_1_23' title="bbox 138 2251 1684 2310; baseline 0.003 -16"><span class='ocrx_word' id='word_1_168' title='bbox 138 2252 291 2295; x_wconf 87' lang='lat' dir='ltr'><strong>saltem</strong></span> <span class='ocrx_word' id='word_1_169' title='bbox 332 2252 487 2295; x_wconf 90' lang='lat' dir='ltr'><strong>summi</strong></span> <span class='ocrx_word' id='word_1_170' title='bbox 526 2251 729 2295; x_wconf 87' lang='lat' dir='ltr'><strong>momenti</strong></span> <span class='ocrx_word' id='word_1_171' title='bbox 769 2255 866 2294; x_wconf 87' lang='lat' dir='ltr'><strong>sunt</strong></span> <span class='ocrx_word' id='word_1_172' title='bbox 906 2255 949 2294; x_wconf 91' lang='lat' dir='ltr'><strong>et</strong></span> <span class='ocrx_word' id='word_1_173' title='bbox 985 2251 1030 2294; x_wconf 86' lang='lat' dir='ltr'><strong>id</strong></span> <span class='ocrx_word' id='word_1_174' title='bbox 1070 2252 1187 2307; x_wconf 90' lang='lat' dir='ltr'><strong>quod</strong></span> <span class='ocrx_word' id='word_1_175' title='bbox 1226 2254 1360 2297; x_wconf 91' lang='lat' dir='ltr'><strong>multo</strong></span> <span class='ocrx_word' id='word_1_176' title='bbox 1398 2256 1574 2310; x_wconf 85' lang='lat' dir='ltr'><strong>gravius</strong></span> <span class='ocrx_word' id='word_1_177' title='bbox 1606 2261 1684 2310; x_wconf 87' lang='lat' dir='ltr'><strong>est,</strong></span> 
     </span>
     <span class='ocr_line' id='line_1_24' title="bbox 137 2318 1684 2380; baseline 0.004 -19"><span class='ocrx_word' id='word_1_178' title='bbox 137 2318 299 2370; x_wconf 87' lang='lat' dir='ltr'><strong>Laertii</strong></span> <span class='ocrx_word' id='word_1_179' title='bbox 330 2320 564 2363; x_wconf 87' lang='lat' dir='ltr'><strong>memoriae</strong></span> <span class='ocrx_word' id='word_1_180' title='bbox 604 2322 713 2363; x_wconf 90' lang='lat' dir='ltr'><strong>ratio</strong></span> <span class='ocrx_word' id='word_1_181' title='bbox 752 2320 795 2362; x_wconf 90' lang='lat' dir='ltr'><strong>in</strong></span> <span class='ocrx_word' id='word_1_182' title='bbox 833 2320 977 2362; x_wconf 88' lang='lat' dir='ltr'><strong>antica</strong></span> <span class='ocrx_word' id='word_1_183' title='bbox 1015 2321 1108 2364; x_wconf 89' lang='lat' dir='ltr'><strong>eius</strong></span> <span class='ocrx_word' id='word_1_184' title='bbox 1148 2323 1293 2377; x_wconf 88' lang='lat' dir='ltr'><strong>operis</strong></span> <span class='ocrx_word' id='word_1_185' title='bbox 1333 2328 1456 2378; x_wconf 87' lang='lat' dir='ltr'><strong>parte</strong></span> <span class='ocrx_word' id='word_1_186' title='bbox 1488 2324 1576 2367; x_wconf 88' lang='lat' dir='ltr'><strong>alia</strong></span> <span class='ocrx_word' id='word_1_187' title='bbox 1607 2331 1684 2380; x_wconf 84' lang='lat' dir='ltr'><strong>est,</strong></span> 
     </span>
     <span class='ocr_line' id='line_1_25' title="bbox 135 2387 1684 2446; baseline 0.005 -17"><span class='ocrx_word' id='word_1_188' title='bbox 135 2387 224 2429; x_wconf 87' lang='lat' dir='ltr'><strong>alia</strong></span> <span class='ocrx_word' id='word_1_189' title='bbox 265 2387 308 2429; x_wconf 94' lang='lat' dir='ltr'><strong>in</strong></span> <span class='ocrx_word' id='word_1_190' title='bbox 348 2389 528 2441; x_wconf 89' lang='lat' dir='ltr'><strong>postica.</strong></span> <span class='ocrx_word' id='word_1_191' title='bbox 595 2401 642 2431; x_wconf 89' lang='lat' dir='ltr'><strong>re</strong></span> <span class='ocrx_word' id='word_1_192' title='bbox 680 2389 742 2431; x_wconf 88' lang='lat' dir='ltr'><strong>ita</strong></span> <span class='ocrx_word' id='word_1_193' title='bbox 780 2392 1029 2442; x_wconf 89' lang='lat' dir='ltr'><strong>comparata</strong></span> <span class='ocrx_word' id='word_1_194' title='bbox 1071 2403 1230 2444; x_wconf 89' lang='lat' dir='ltr'><strong>operae</strong></span> <span class='ocrx_word' id='word_1_195' title='bbox 1270 2393 1456 2446; x_wconf 86' lang='lat' dir='ltr'><strong>pretium</strong></span> <span class='ocrx_word' id='word_1_196' title='bbox 1495 2393 1684 2436; x_wconf 83' lang='lat' dir='ltr'><strong>facturus</strong></span> 
     </span>
     <span class='ocr_line' id='line_1_26' title="bbox 136 2455 1684 2514; baseline 0.005 -18"><span class='ocrx_word' id='word_1_197' title='bbox 136 2458 228 2497; x_wconf 86' lang='lat' dir='ltr'><strong>erat</strong></span> <span class='ocrx_word' id='word_1_198' title='bbox 258 2455 332 2508; x_wconf 90' lang='lat' dir='ltr'><strong>qui</strong></span> <span class='ocrx_word' id='word_1_199' title='bbox 363 2459 498 2498; x_wconf 90' lang='lat' dir='ltr'><strong>totam</strong></span> <span class='ocrx_word' id='word_1_200' title='bbox 529 2455 584 2499; x_wconf 91' lang='lat' dir='ltr'><strong>de</strong></span> <span class='ocrx_word' id='word_1_201' title='bbox 604 2456 860 2500; x_wconf 71' lang='lat' dir='ltr'><strong>Lacr-tianae</strong></span> <span class='ocrx_word' id='word_1_202' title='bbox 890 2456 1135 2512; x_wconf 89' lang='lat' dir='ltr'><strong>scriptionis</strong></span> <span class='ocrx_word' id='word_1_203' title='bbox 1166 2458 1287 2503; x_wconf 90' lang='lat' dir='ltr'><strong>libris</strong></span> <span class='ocrx_word' id='word_1_204' title='bbox 1311 2461 1606 2514; x_wconf 86' lang='lat' dir='ltr'><strong>quaestionem</strong></span> <span class='ocrx_word' id='word_1_205' title='bbox 1629 2461 1684 2504; x_wconf 90' lang='lat' dir='ltr'><strong>de</strong></span> 
     </span>
     <span class='ocr_line' id='line_1_27' title="bbox 136 2523 1685 2582; baseline 0.005 -16"><span class='ocrx_word' id='word_1_206' title='bbox 136 2524 301 2578; x_wconf 88' lang='lat' dir='ltr'><strong>integro</strong></span> <span class='ocrx_word' id='word_1_207' title='bbox 323 2523 563 2568; x_wconf 87' lang='lat' dir='ltr'><strong>institueret</strong></span> <span class='ocrx_word' id='word_1_208' title='bbox 583 2523 789 2567; x_wconf 86' lang='lat' dir='ltr'><strong>adhibitis</strong></span> <span class='ocrx_word' id='word_1_209' title='bbox 812 2524 1008 2568; x_wconf 85' lang='lat' dir='ltr'><strong>omnibus</strong></span> <span class='ocrx_word' id='word_1_210' title='bbox 1030 2527 1289 2582; x_wconf 87' lang='lat' dir='ltr'><strong>quicumque</strong></span> <span class='ocrx_word' id='word_1_211' title='bbox 1321 2532 1493 2571; x_wconf 84' lang='lat' dir='ltr'><strong>exstant</strong></span> <span class='ocrx_word' id='word_1_212' title='bbox 1523 2529 1685 2573; x_wconf 89' lang='lat' dir='ltr'><strong>codici-</strong></span> 
     </span>
     <span class='ocr_line' id='line_1_28' title="bbox 136 2592 1685 2648; baseline 0.005 -12"><span class='ocrx_word' id='word_1_213' title='bbox 136 2592 229 2636; x_wconf 86' lang='lat' dir='ltr'><strong>bus.</strong></span> <span class='ocrx_word' id='word_1_214' title='bbox 289 2592 488 2648; x_wconf 89' lang='lat' dir='ltr'><strong>equidem</strong></span> <span class='ocrx_word' id='word_1_215' title='bbox 520 2596 566 2636; x_wconf 92' lang='lat' dir='ltr'><strong>ut</strong></span> <span class='ocrx_word' id='word_1_216' title='bbox 596 2593 729 2637; x_wconf 86' lang='lat' dir='ltr'><strong>tribus</strong></span> <span class='ocrx_word' id='word_1_217' title='bbox 761 2592 828 2637; x_wconf 89' lang='lat' dir='ltr'><strong>his</strong></span> <span class='ocrx_word' id='word_1_218' title='bbox 858 2595 981 2639; x_wconf 87' lang='lat' dir='ltr'><strong>annis</strong></span> <span class='ocrx_word' id='word_1_219' title='bbox 1013 2596 1156 2639; x_wconf 88' lang='lat' dir='ltr'><strong>studia</strong></span> <span class='ocrx_word' id='word_1_220' title='bbox 1187 2609 1284 2640; x_wconf 89' lang='lat' dir='ltr'><strong>mea</strong></span> <span class='ocrx_word' id='word_1_221' title='bbox 1313 2611 1340 2640; x_wconf 92' lang='lat' dir='ltr'><strong>a</strong></span> <span class='ocrx_word' id='word_1_222' title='bbox 1362 2596 1596 2642; x_wconf 90' lang='lat' dir='ltr'><strong>Posidonio</strong></span> <span class='ocrx_word' id='word_1_223' title='bbox 1628 2599 1685 2643; x_wconf 89' lang='lat' dir='ltr'><strong>ad</strong></span> 
     </span>
     <span class='ocr_line' id='line_1_29' title="bbox 137 2661 1685 2720; baseline 0.006 -16"><span class='ocrx_word' id='word_1_224' title='bbox 137 2661 358 2705; x_wconf 88' lang='lat' dir='ltr'><strong>Laertium</strong></span> <span class='ocrx_word' id='word_1_225' title='bbox 380 2662 618 2717; x_wconf 88' lang='lat' dir='ltr'><strong>Diogenem</strong></span> <span class='ocrx_word' id='word_1_226' title='bbox 640 2663 875 2707; x_wconf 86' lang='lat' dir='ltr'><strong>conferrem</strong></span> <span class='ocrx_word' id='word_1_227' title='bbox 900 2664 1059 2709; x_wconf 86' lang='lat' dir='ltr'><strong>eximia</strong></span> <span class='ocrx_word' id='word_1_228' title='bbox 1090 2679 1193 2720; x_wconf 86' lang='lat' dir='ltr'><strong>erga</strong></span> <span class='ocrx_word' id='word_1_229' title='bbox 1223 2679 1292 2710; x_wconf 91' lang='lat' dir='ltr'><strong>me</strong></span> <span class='ocrx_word' id='word_1_230' title='bbox 1314 2664 1471 2711; x_wconf 80' lang='lat' dir='ltr'><strong>Curtii</strong></span> <span class='ocrx_word' id='word_1_231' title='bbox 1493 2666 1685 2713; x_wconf 84' lang='lat' dir='ltr'><strong>Wachs-</strong></span> 
     </span>
    </p>
   </div>
  </div>
 </body>
</html>
