1861 3229
140 212 219 249 102
731 210 899 254 Edgarus
924 209 1083 245 Martini.

137 336 226 377 lum
256 327 516 371 Graecorum
546 325 667 370 libris
704 323 1001 370 describendis
1033 337 1132 369 sese
1164 326 1436 369 exercentem
1467 326 1542 367 aut
1571 327 1686 368 certe

137 395 350 437 hominem
398 406 452 436 ne
496 392 772 436 mediocriter
816 392 991 447 quidem
1032 392 1199 437 Graece
1244 392 1417 435 doctum
1462 392 1595 436 fuisse
1641 392 1685 435 in

136 462 281 516 aprico
312 462 380 504 sit.

247 527 446 570 Correxit
485 540 637 572 manus
674 542 701 571 a
739 529 915 572 librario
956 528 1132 571 diversa
1170 525 1271 578 (X2)
1310 527 1540 582 perpaucis
1579 527 1686 570 locis

132 595 319 651 pueriles
351 608 539 651 errores;
587 596 741 641 eadem
780 597 984 640 nonnulla
1014 596 1058 639 in
1094 595 1289 649 margine
1319 595 1421 638 libri
1451 594 1683 650 supplevit.

245 663 387 715 XXV)
419 662 586 708 Codex
616 664 948 721 Angelicanus
978 663 1106 718 gii-..G
1132 662 1178 709 2.
1198 663 1223 706 1
1252 660 1372 713 (Y).¹)
1433 662 1685 707 chartaceus

133 736 197 776 est
227 733 503 787 continetque
544 747 674 777 unum
705 734 867 777 Laertii
900 734 1110 788 Diogenis
1146 745 1267 787 opus.
1328 731 1396 774 cui
1426 731 1687 787 locupletior

130 799 489 855 philosophorum
528 802 760 845 laterculus
800 802 868 851 (cf.
902 801 1055 852 PEHI)
1097 800 1358 855 praemissus
1398 803 1463 842 est
1503 798 1586 842 hac
1622 799 1684 841 in-

131 868 367 923 scriptione
399 873 596 913 ornatus:
643 871 875 923 Λαερτίου
907 868 1135 925 διογένους
1164 869 1260 922 βίοι
1289 866 1362 909 καὶ
1393 867 1566 922 γνῶμαι
1595 866 1684 908 τῶν

133 934 180 978 ἓν
211 935 468 992 φιλοσοφία
500 931 886 993 εὐδοκιμησάντων
917 939 990 980 καὶ
1021 938 1111 978 τῶν
1142 934 1303 992 ἑκόστη
1338 934 1552 990 αἱρέσεων
1582 929 1685 991 ‹319⁶-

134 1003 332 1047 σχόντων
373 1002 418 1046 ἐν
458 1002 651 1061 ἕπιτομῆ
682 1003 910 1061 συναγωγή
944 1006 1053 1056 (sic).
1102 1002 1309 1061 διῄρηται
1338 1000 1388 1045 τὸ
1423 1001 1685 1058 σύγγραμμα

135 1072 199 1123 εἰς
236 1072 421 1128 βίβλους
460 1071 579 1114 δέκα.
640 1068 828 1115 ἑκάστου
872 1073 1052 1128 βιβλίου
1096 1070 1152 1114 τά
1191 1070 1441 1127 πρόσωπα;
1486 1076 1685 1115 secuntur

132 1143 309 1185 nomina
346 1139 718 1197 philosophorum.
793 1142 887 1196 ipse
930 1154 1033 1184 vero
1073 1141 1234 1183 Laertii
1273 1143 1416 1183 textus
1455 1140 1685 1194 inscriptus

132 1213 217 1252 est:
261 1210 496 1261 Λαερτίου
537 1207 761 1262 διογένους
798 1210 894 1261 βίοι
924 1208 998 1249 καὶ
1028 1208 1204 1262 γνῶμαι
1233 1208 1323 1249 τῶν
1354 1205 1400 1248 ἐν
1431 1206 1686 1263 φιλοσοφία

130 1270 519 1332 εὐδοκιμησάντων
540 1275 718 1329 βιβλίον
740 1277 783 1318 ἆ.
830 1276 1089 1331 subscriptio
1112 1276 1155 1319 in
1176 1275 1287 1318 libro
1320 1277 1513 1319 extremo
1544 1279 1686 1319 exstat

129 1344 238 1388 haec
267 1343 337 1394 (cf.
362 1343 661 1387 Wachsmuthi
697 1342 822 1399 Corp.
851 1358 969 1399 poes.
1001 1357 1065 1398 ep.
1093 1343 1169 1386 Gr.
1203 1342 1287 1386 lud.
1319 1344 1404 1386 vol.
1426 1344 1470 1387 ΙΙ
1499 1357 1570 1399 pg.
1595 1347 1683 1394 54):

128 1415 360 1466 Λαερτίου
393 1410 618 1466 ὂιογένους
649 1412 756 1466 περὶ
786 1415 899 1466 βίων
931 1409 1201 1467 φιλοσόφων
1231 1411 1372 1462 τέλος.
1423 1409 1474 1454 ὃν
1506 1410 1685 1488 ἷοάννης

129 1493 343 1533 πουκίνου
377 1488 422 1531 ἐκ
451 1491 530 1547 τῆς
561 1492 828 1547 φλορεντίας
856 1493 1071 1547 γέγραφεε
1102 1484 1422 1543 ΑΔΕΛΦΟΟ
1453 1487 1513 1531 ‘O
1548 1464 1685 1533 All-1¹-

129 1569 274 1611 ΔΙΟΟ
302 1548 662 1614 ἘΚΕΛΕΥΟΕ
724 1571 768 1614 in
800 1572 918 1615 calce
949 1571 977 1614 l.
1002 1571 1086 1614 VII
1106 1583 1236 1614 unum
1261 1574 1305 1614 et
1334 1569 1563 1615 dimidium
1593 1571 1684 1616 fere

128 1640 282 1683 folium
304 1640 518 1695 scriptura
538 1645 667 1684 caret.
706 1640 834 1683 doleo
857 1639 973 1694 quod
995 1638 1103 1681 mihi
1124 1652 1210 1682 non
1232 1639 1334 1683 licet
1354 1639 1408 1683 de
1431 1641 1685 1684 correcturis

128 1707 315 1750 certiora
335 1706 511 1750 referre.
563 1720 702 1761 neque
725 1708 839 1750 enim
859 1707 964 1749 mihi
986 1708 1162 1750 vacavit
1182 1707 1346 1750 Romae
1377 1707 1685 1751 bibliothecam

128 1775 443 1830 Angelicanam
465 1775 599 1817 adire.
632 1776 770 1818 omnis
792 1775 922 1829 igitur
944 1788 1041 1817 mea
1058 1775 1221 1817 codicis
1238 1775 1279 1817 Y
1294 1776 1448 1818 notitia
1469 1775 1687 1831 dependet

129 1856 186 1886 ex
223 1843 382 1885 notulis
416 1842 730 1886 Wachsmuthii
769 1847 811 1886 et
850 1842 1176 1886 Gundcrmanni
1217 1844 1290 1898 qui
1328 1844 1450 1887 illum
1491 1843 1684 1887 codicem

127 1911 216 1954 suis
257 1911 339 1964 ipsi
380 1911 516 1954 oculis
557 1910 802 1965 inspexere.
862 1924 1002 1965 neque
1034 1924 1137 1954 vero
1179 1911 1414 1966 quidquam
1456 1912 1500 1954 in
1540 1924 1686 1955 eorum

126 1978 346 2022 schedulis
369 1978 423 2022 de
447 1979 774 2023 correctricibus
795 1979 993 2022 manibus
1023 1979 1123 2022 libri
1147 1979 1403 2034 Angelicani
1434 1979 1685 2023 adnotatum

128 2060 314 2091 mvemo.

241 2114 511 2171 Appendicis
541 2115 639 2159 loco
670 2120 756 2159 tres
783 2114 978 2158 adferam
1001 2116 1175 2160 codices
1198 2117 1272 2170 qui
1294 2116 1455 2159 Laertii
1477 2116 1686 2172 Diogenis

127 2185 286 2226 librum
317 2184 382 2226 ΙΙΙ
413 2183 487 2237 qui
518 2187 585 2225 est
615 2184 671 2227 de
702 2184 883 2226 Platone
914 2184 1128 2237 integrum
1161 2183 1381 2227 exhibent.

242 2249 280 2304 I)
314 2249 483 2293 Codex
515 2249 882 2294 Laurentianus
912 2261 987 2303 gr.
1018 2249 1148 2304 plut.
1179 2249 1406 2294 LXXXV
1439 2262 1516 2294 nr.
1549 2249 1578 2292 9
1609 2252 1685 2303 (c).

128 2319 481 2363 membranaceus
531 2323 597 2363 cst
644 2319 870 2373 formaque
916 2319 1120 2362 maxima.
1197 2320 1371 2363 saeculo
1419 2318 1687 2364 addicendus

127 2388 244 2431 XIV.
297 2387 487 2431 continet
517 2385 554 2440 I)
586 2387 778 2430 Platonis
811 2387 972 2442 scripta
1004 2400 1099 2430 cum
1130 2387 1263 2431 variis
1292 2388 1613 2443 prolegomenis
1644 2393 1687 2432 et

128 2455 467 2513 epilegomenis3
514 2454 571 2505 II)
618 2458 820 2509 quattuor
860 2454 1066 2499 Aristidis
1113 2456 1352 2512 orationes;
1397 2457 1477 2507 III)
1516 2457 1688 2500 Libanii

127 2526 367 2569 orationem
408 2522 616 2578 Achillis;
662 2524 737 2575 IV)
775 2522 1079 2579 Xenophontis
1116 2523 1359 2581 Oeconom.;
1405 2525 1458 2577 V)
1492 2524 1686 2569 eiusdem

131 2592 296 2634 Convz'v.
325 2592 393 2644 (cf.
419 2592 622 2636 Schanzii
645 2590 762 2634 stud.
783 2606 823 2635 z.
846 2590 994 2635 Gesclz.
1012 2591 1084 2633 des
1101 2592 1211 2635 Plat.
1233 2594 1271 2634 T
1269 2600 1356 2636 eoet.
1375 2590 1520 2649 [1874]
1538 2607 1608 2648 pg.
1629 2594 1686 2644 8).

245 2721 274 2758 1)
300 2716 355 2752 cf.
382 2716 513 2752 Blumii
538 2715 619 2753 Iter
646 2716 767 2753 Italic.
792 2727 851 2762 pg.
880 2720 958 2752 141.
