<?xml version="1.0" encoding="UTF-8"?>
<!DOCTYPE html PUBLIC "-//W3C//DTD XHTML 1.0 Transitional//EN"
    "http://www.w3.org/TR/xhtml1/DTD/xhtml1-transitional.dtd">
<html xmlns="http://www.w3.org/1999/xhtml" xml:lang="en" lang="en">
 <head>
  <title>
</title>
<meta http-equiv="Content-Type" content="text/html;charset=utf-8" />
  <meta name='ocr-system' content='tesseract 3.04.00' />
  <meta name='ocr-capabilities' content='ocr_page ocr_carea ocr_par ocr_line ocrx_word'/>
</head>
<body>
  <div class='ocr_page' id='page_1' title='image "4627071_0043.png"; bbox 0 0 1861 3229; ppageno 0'>
   <div class='ocr_carea' id='block_1_1' title="bbox 709 172 1687 210">
    <p class='ocr_par' dir='ltr' id='par_1_1' title="bbox 709 172 1687 210">
     <span class='ocr_line' id='line_1_1' title="bbox 709 172 1687 210; baseline -0.001 0"><span class='ocrx_word' id='word_1_1' title='bbox 709 173 887 210; x_wconf 81' lang='lat' dir='ltr'>Analecta</span> <span class='ocrx_word' id='word_1_2' title='bbox 910 174 1117 210; x_wconf 80' lang='lat' dir='ltr'>Laertiana.</span> <span class='ocrx_word' id='word_1_3' title='bbox 1608 172 1687 210; x_wconf 78' lang='lat'>105</span> 
     </span>
    </p>
   </div>
   <div class='ocr_carea' id='block_1_2' title="bbox 132 287 1688 2532">
    <p class='ocr_par' dir='ltr' id='par_1_2' title="bbox 132 287 1688 2532">
     <span class='ocr_line' id='line_1_2' title="bbox 142 287 1687 346; baseline -0.003 -12"><span class='ocrx_word' id='word_1_4' title='bbox 142 288 356 345; x_wconf 82' lang='lat' dir='ltr'>Gittieum,</span> <span class='ocrx_word' id='word_1_5' title='bbox 387 289 631 334; x_wconf 83' lang='lat' dir='ltr'><strong>Aristonem</strong></span> <span class='ocrx_word' id='word_1_6' title='bbox 658 288 827 346; x_wconf 83' lang='lat' dir='ltr'>Chium,</span> <span class='ocrx_word' id='word_1_7' title='bbox 858 290 1083 346; x_wconf 79' lang='lat' dir='ltr'>HeriHum,</span> <span class='ocrx_word' id='word_1_8' title='bbox 1114 290 1385 345; x_wconf 88' lang='lat' dir='ltr'>Dionysium,</span> <span class='ocrx_word' id='word_1_9' title='bbox 1418 287 1687 342; x_wconf 73' lang='lat' dir='ltr'><strong>Cleanthem,</strong></span> 
     </span>
     <span class='ocr_line' id='line_1_3' title="bbox 141 356 1687 416; baseline -0.001 -14"><span class='ocrx_word' id='word_1_10' title='bbox 141 357 398 414; x_wconf 88' lang='lat' dir='ltr'>Sphaerum,</span> <span class='ocrx_word' id='word_1_11' title='bbox 440 358 728 416; x_wconf 85' lang='lat' dir='ltr'>Chrysippum</span> <span class='ocrx_word' id='word_1_12' title='bbox 761 359 944 404; x_wconf 85' lang='lat' dir='ltr'>Zenonis</span> <span class='ocrx_word' id='word_1_13' title='bbox 975 360 1214 413; x_wconf 84' lang='lat' dir='ltr'>Tarsensis,</span> <span class='ocrx_word' id='word_1_14' title='bbox 1253 358 1476 414; x_wconf 81' lang='lat' dir='ltr'>Diogenis,</span> <span class='ocrx_word' id='word_1_15' title='bbox 1509 356 1687 413; x_wconf 91' lang='lat' dir='ltr'>Apollo-</span> 
     </span>
     <span class='ocr_line' id='line_1_4' title="bbox 142 424 1688 483; baseline -0.001 -13"><span class='ocrx_word' id='word_1_16' title='bbox 142 426 250 482; x_wconf 89' lang='lat' dir='ltr'>dori,</span> <span class='ocrx_word' id='word_1_17' title='bbox 295 427 463 483; x_wconf 85' lang='lat' dir='ltr'>Boethi,</span> <span class='ocrx_word' id='word_1_18' title='bbox 510 424 834 483; x_wconf 88' lang='lat' dir='ltr'>Mnesarchidis,</span> <span class='ocrx_word' id='word_1_19' title='bbox 881 428 1176 482; x_wconf 87' lang='lat' dir='ltr'>Mnesagorae,</span> <span class='ocrx_word' id='word_1_20' title='bbox 1216 427 1424 482; x_wconf 84' lang='lat' dir='ltr'>Nestoris,</span> <span class='ocrx_word' id='word_1_21' title='bbox 1465 425 1688 481; x_wconf 85' lang='lat' dir='ltr'>Basilidis,</span> 
     </span>
     <span class='ocr_line' id='line_1_5' title="bbox 141 495 1686 552; baseline 0.001 -14"><span class='ocrx_word' id='word_1_22' title='bbox 141 495 348 550; x_wconf 83' lang='lat' dir='ltr'>Dardani,</span> <span class='ocrx_word' id='word_1_23' title='bbox 380 497 609 552; x_wconf 87' lang='lat' dir='ltr'>Antipatri,</span> <span class='ocrx_word' id='word_1_24' title='bbox 642 495 913 547; x_wconf 80' lang='lat' dir='ltr'>Heraclidae,</span> <span class='ocrx_word' id='word_1_25' title='bbox 946 495 1180 550; x_wconf 88' lang='lat' dir='ltr'>Sosigenis,</span> <span class='ocrx_word' id='word_1_26' title='bbox 1204 496 1412 549; x_wconf 89' lang='lat' dir='ltr'>Panaetii,</span> <span class='ocrx_word' id='word_1_27' title='bbox 1434 495 1686 548; x_wconf 82' lang='lat' dir='ltr'>Hecatonis,</span> 
     </span>
     <span class='ocr_line' id='line_1_6' title="bbox 140 563 1686 620; baseline -0.002 -12"><span class='ocrx_word' id='word_1_28' title='bbox 140 563 378 620; x_wconf 89' lang='lat' dir='ltr'>Posidonii,</span> <span class='ocrx_word' id='word_1_29' title='bbox 409 563 690 619; x_wconf 91' lang='lat' dir='ltr'>Athenodori,</span> <span class='ocrx_word' id='word_1_30' title='bbox 720 564 898 607; x_wconf 88' lang='lat' dir='ltr'>alterius</span> <span class='ocrx_word' id='word_1_31' title='bbox 928 563 1210 617; x_wconf 91' lang='lat' dir='ltr'>Athenodori,</span> <span class='ocrx_word' id='word_1_32' title='bbox 1247 563 1462 617; x_wconf 88' lang='lat' dir='ltr'>Antipatri</span> <span class='ocrx_word' id='word_1_33' title='bbox 1492 564 1686 617; x_wconf 88' lang='lat' dir='ltr'>alterius,</span> 
     </span>
     <span class='ocr_line' id='line_1_7' title="bbox 140 631 1684 688; baseline -0.001 -12"><span class='ocrx_word' id='word_1_34' title='bbox 140 634 246 688; x_wconf 92' lang='lat' dir='ltr'>Arii,</span> <span class='ocrx_word' id='word_1_35' title='bbox 290 633 465 677; x_wconf 89' lang='lat' dir='ltr'>Cornuti</span> <span class='ocrx_word' id='word_1_36' title='bbox 496 633 608 677; x_wconf 87' lang='lat' dir='ltr'>vitas</span> <span class='ocrx_word' id='word_1_37' title='bbox 648 633 958 688; x_wconf 89' lang='lat' dir='ltr'>opinionesque</span> <span class='ocrx_word' id='word_1_38' title='bbox 998 632 1181 687; x_wconf 88' lang='lat' dir='ltr'>septimo</span> <span class='ocrx_word' id='word_1_39' title='bbox 1212 632 1372 675; x_wconf 90' lang='lat' dir='ltr'>Laertii</span> <span class='ocrx_word' id='word_1_40' title='bbox 1410 632 1520 675; x_wconf 94' lang='lat' dir='ltr'>libro</span> <span class='ocrx_word' id='word_1_41' title='bbox 1552 631 1684 675; x_wconf 88' lang='lat' dir='ltr'>fuisse</span> 
     </span>
     <span class='ocr_line' id='line_1_8' title="bbox 140 700 1684 756; baseline -0.002 -10"><span class='ocrx_word' id='word_1_42' title='bbox 140 706 376 747; x_wconf 86' lang='lat' dir='ltr'>enarratas.</span> <span class='ocrx_word' id='word_1_43' title='bbox 427 701 599 746; x_wconf 90' lang='lat' dir='ltr'>videtur</span> <span class='ocrx_word' id='word_1_44' title='bbox 619 701 784 745; x_wconf 87' lang='lat' dir='ltr'>scilicet</span> <span class='ocrx_word' id='word_1_45' title='bbox 804 701 1029 756; x_wconf 87' lang='lat' dir='ltr'>quaternio</span> <span class='ocrx_word' id='word_1_46' title='bbox 1051 714 1160 743; x_wconf 90' lang='lat' dir='ltr'>unus</span> <span class='ocrx_word' id='word_1_47' title='bbox 1190 701 1262 744; x_wconf 83' lang='lat' dir='ltr'>vel</span> <span class='ocrx_word' id='word_1_48' title='bbox 1294 701 1423 743; x_wconf 89' lang='lat' dir='ltr'>etiam</span> <span class='ocrx_word' id='word_1_49' title='bbox 1453 701 1597 755; x_wconf 90' lang='lat' dir='ltr'>plures</span> <span class='ocrx_word' id='word_1_50' title='bbox 1627 700 1684 743; x_wconf 92' lang='lat' dir='ltr'>ab</span> 
     </span>
     <span class='ocr_line' id='line_1_9' title="bbox 139 769 1686 825; baseline -0.001 -12"><span class='ocrx_word' id='word_1_51' title='bbox 139 770 377 825; x_wconf 86' lang='lat' dir='ltr'>archetypo</span> <span class='ocrx_word' id='word_1_52' title='bbox 408 771 570 813; x_wconf 87' lang='lat' dir='ltr'>afuisse</span> <span class='ocrx_word' id='word_1_53' title='bbox 609 783 705 813; x_wconf 90' lang='lat' dir='ltr'>cum</span> <span class='ocrx_word' id='word_1_54' title='bbox 744 769 928 813; x_wconf 81' lang='lat' dir='ltr'>describi</span> <span class='ocrx_word' id='word_1_55' title='bbox 973 774 1150 825; x_wconf 88' lang='lat' dir='ltr'>coeptus</span> <span class='ocrx_word' id='word_1_56' title='bbox 1182 774 1257 813; x_wconf 90' lang='lat' dir='ltr'>est.</span> <span class='ocrx_word' id='word_1_57' title='bbox 1317 769 1405 811; x_wconf 90' lang='lat' dir='ltr'>alia</span> <span class='ocrx_word' id='word_1_58' title='bbox 1434 769 1607 812; x_wconf 90' lang='lat' dir='ltr'>maioris</span> <span class='ocrx_word' id='word_1_59' title='bbox 1639 773 1686 811; x_wconf 92' lang='lat' dir='ltr'>ut</span> 
     </span>
     <span class='ocr_line' id='line_1_10' title="bbox 139 836 1683 891; baseline -0.003 -10"><span class='ocrx_word' id='word_1_60' title='bbox 139 837 310 881; x_wconf 86' lang='lat' dir='ltr'>videtur</span> <span class='ocrx_word' id='word_1_61' title='bbox 339 837 526 880; x_wconf 87' lang='lat' dir='ltr'>ambitus</span> <span class='ocrx_word' id='word_1_62' title='bbox 566 837 722 880; x_wconf 89' lang='lat' dir='ltr'>lacuna</span> <span class='ocrx_word' id='word_1_63' title='bbox 759 837 879 880; x_wconf 87' lang='lat' dir='ltr'>cuius</span> <span class='ocrx_word' id='word_1_64' title='bbox 911 849 1061 880; x_wconf 87' lang='lat' dir='ltr'>omnes</span> <span class='ocrx_word' id='word_1_65' title='bbox 1090 836 1224 880; x_wconf 91' lang='lat' dir='ltr'>nostri</span> <span class='ocrx_word' id='word_1_66' title='bbox 1255 837 1355 878; x_wconf 93' lang='lat' dir='ltr'>libri</span> <span class='ocrx_word' id='word_1_67' title='bbox 1385 848 1525 891; x_wconf 91' lang='lat' dir='ltr'>aeque</span> <span class='ocrx_word' id='word_1_68' title='bbox 1554 837 1683 889; x_wconf 88' lang='lat' dir='ltr'>parti-</span> 
     </span>
     <span class='ocr_line' id='line_1_11' title="bbox 140 904 1686 960; baseline -0.001 -11"><span class='ocrx_word' id='word_1_69' title='bbox 140 906 260 960; x_wconf 88' lang='lat' dir='ltr'>cipes</span> <span class='ocrx_word' id='word_1_70' title='bbox 291 910 389 949; x_wconf 89' lang='lat' dir='ltr'>sunt</span> <span class='ocrx_word' id='word_1_71' title='bbox 417 905 629 960; x_wconf 91' lang='lat' dir='ltr'>reperitur</span> <span class='ocrx_word' id='word_1_72' title='bbox 659 905 702 947; x_wconf 89' lang='lat' dir='ltr'>in</span> <span class='ocrx_word' id='word_1_73' title='bbox 733 905 827 959; x_wconf 90' lang='lat' dir='ltr'>ipso</span> <span class='ocrx_word' id='word_1_74' title='bbox 858 905 1071 959; x_wconf 86' lang='lat' dir='ltr'>principio</span> <span class='ocrx_word' id='word_1_75' title='bbox 1102 905 1321 949; x_wconf 89' lang='lat' dir='ltr'>Laertiani</span> <span class='ocrx_word' id='word_1_76' title='bbox 1352 904 1509 959; x_wconf 90' lang='lat' dir='ltr'>operis.</span> <span class='ocrx_word' id='word_1_77' title='bbox 1570 905 1686 960; x_wconf 88' lang='lat' dir='ltr'>quod</span> 
     </span>
     <span class='ocr_line' id='line_1_12' title="bbox 139 972 1687 1028; baseline -0.001 -13"><span class='ocrx_word' id='word_1_78' title='bbox 139 972 363 1028; x_wconf 87' lang='lat' dir='ltr'>Menagius</span> <span class='ocrx_word' id='word_1_79' title='bbox 386 973 453 1025; x_wconf 91' lang='lat' dir='ltr'>(cf.</span> <span class='ocrx_word' id='word_1_80' title='bbox 482 972 696 1014; x_wconf 73' lang='lat' dir='ltr'>Observac.</span> <span class='ocrx_word' id='word_1_81' title='bbox 717 986 788 1027; x_wconf 85' lang='lat' dir='ltr'>pg.</span> <span class='ocrx_word' id='word_1_82' title='bbox 811 975 890 1015; x_wconf 87' lang='lat'>150</span> <span class='ocrx_word' id='word_1_83' title='bbox 914 972 980 1015; x_wconf 92' lang='lat' dir='ltr'>ed.</span> <span class='ocrx_word' id='word_1_84' title='bbox 1004 973 1192 1022; x_wconf 83' lang='lat' dir='ltr'>Huebn.)</span> <span class='ocrx_word' id='word_1_85' title='bbox 1222 972 1332 1016; x_wconf 85' lang='lat' dir='ltr'>iusto</span> <span class='ocrx_word' id='word_1_86' title='bbox 1355 973 1446 1014; x_wconf 91' lang='lat' dir='ltr'>iure</span> <span class='ocrx_word' id='word_1_87' title='bbox 1478 973 1687 1015; x_wconf 85' lang='lat' dir='ltr'>conclusit</span> 
     </span>
     <span class='ocr_line' id='line_1_13' title="bbox 140 1040 1685 1097; baseline -0.001 -12"><span class='ocrx_word' id='word_1_88' title='bbox 140 1055 163 1085; x_wconf 89' lang='lat' dir='ltr'>e</span> <span class='ocrx_word' id='word_1_89' title='bbox 195 1042 290 1085; x_wconf 89' lang='lat' dir='ltr'>loco</span> <span class='ocrx_word' id='word_1_90' title='bbox 321 1042 508 1097; x_wconf 91' lang='lat' dir='ltr'>quodam</span> <span class='ocrx_word' id='word_1_91' title='bbox 539 1043 565 1085; x_wconf 92' lang='lat' dir='ltr'>l.</span> <span class='ocrx_word' id='word_1_92' title='bbox 594 1042 659 1085; x_wconf 90' lang='lat' dir='ltr'>III</span> <span class='ocrx_word' id='word_1_93' title='bbox 694 1042 733 1096; x_wconf 64' lang='grc' dir='ltr'>(ξ</span> <span class='ocrx_word' id='word_1_94' title='bbox 755 1044 825 1094; x_wconf 90' lang='grc'>47)</span> <span class='ocrx_word' id='word_1_95' title='bbox 864 1042 938 1085; x_wconf 90' lang='lat' dir='ltr'>ubi</span> <span class='ocrx_word' id='word_1_96' title='bbox 974 1042 1120 1086; x_wconf 89' lang='lat' dir='ltr'>nescio</span> <span class='ocrx_word' id='word_1_97' title='bbox 1157 1055 1267 1097; x_wconf 90' lang='lat' dir='ltr'>quae</span> <span class='ocrx_word' id='word_1_98' title='bbox 1299 1040 1459 1085; x_wconf 88' lang='lat' dir='ltr'>femina</span> <span class='ocrx_word' id='word_1_99' title='bbox 1490 1041 1685 1085; x_wconf 88' lang='lat' dir='ltr'>Platonis</span> 
     </span>
     <span class='ocr_line' id='line_1_14' title="bbox 138 1108 1684 1166; baseline -0.002 -13"><span class='ocrx_word' id='word_1_100' title='bbox 138 1109 333 1153; x_wconf 91' lang='lat' dir='ltr'>studiosa</span> <span class='ocrx_word' id='word_1_101' title='bbox 363 1109 429 1154; x_wconf 89' lang='lat' dir='ltr'>his</span> <span class='ocrx_word' id='word_1_102' title='bbox 461 1111 743 1165; x_wconf 90' lang='lat' dir='ltr'>compellatur</span> <span class='ocrx_word' id='word_1_103' title='bbox 769 1111 934 1154; x_wconf 89' lang='lat' dir='ltr'>verbis:</span> <span class='ocrx_word' id='word_1_104' title='bbox 967 1110 1284 1166; x_wconf 75' lang='grc' dir='ltr'><em>φιλοπλάτωνι</em></span> <span class='ocrx_word' id='word_1_105' title='bbox 1316 1108 1365 1151; x_wconf 79' lang='grc' dir='ltr'>δέ</span> <span class='ocrx_word' id='word_1_106' title='bbox 1396 1124 1470 1151; x_wconf 84' lang='grc' dir='ltr'><em>σοι</em></span> <span class='ocrx_word' id='word_1_107' title='bbox 1501 1108 1684 1158; x_wconf 80' lang='grc' dir='ltr'><em>δικαίως</em></span> 
     </span>
     <span class='ocr_line' id='line_1_15' title="bbox 138 1173 1684 1235; baseline 0.001 -16"><span class='ocrx_word' id='word_1_108' title='bbox 138 1174 396 1233; x_wconf 60' lang='grc' dir='ltr'><em>’ὗπαρχούσῃ</em></span> <span class='ocrx_word' id='word_1_109' title='bbox 443 1179 515 1220; x_wconf 81' lang='grc' dir='ltr'>καὶ</span> <span class='ocrx_word' id='word_1_110' title='bbox 555 1173 667 1231; x_wconf 57' lang='grc' dir='ltr'>παρ)</span> <span class='ocrx_word' id='word_1_111' title='bbox 712 1174 913 1222; x_wconf 78' lang='grc' dir='ltr'><em>ὁντινοῦν</em></span> <span class='ocrx_word' id='word_1_112' title='bbox 952 1176 1008 1219; x_wconf 82' lang='grc' dir='ltr'>τὰ</span> <span class='ocrx_word' id='word_1_113' title='bbox 1050 1180 1130 1221; x_wconf 80' lang='grc' dir='ltr'><em>τοῦ</em></span> <span class='ocrx_word' id='word_1_114' title='bbox 1176 1176 1434 1235; x_wconf 77' lang='grc' dir='ltr'><em>φιλοσόφου</em></span> <span class='ocrx_word' id='word_1_115' title='bbox 1483 1176 1684 1234; x_wconf 73' lang='grc' dir='ltr'><em>δόγματα</em></span> 
     </span>
     <span class='ocr_line' id='line_1_16' title="bbox 139 1241 1682 1302; baseline 0.001 -16"><span class='ocrx_word' id='word_1_116' title='bbox 139 1245 390 1301; x_wconf 83' lang='grc' dir='ltr'><em>φιλοτίμως</em></span> <span class='ocrx_word' id='word_1_117' title='bbox 429 1244 613 1302; x_wconf 81' lang='grc' dir='ltr'><em>ζητούσῃ</em></span> <span class='ocrx_word' id='word_1_118' title='bbox 656 1241 890 1300; x_wconf 78' lang='grc' dir='ltr'><em>ἀναγκαῖον</em></span> <span class='ocrx_word' id='word_1_119' title='bbox 931 1242 1158 1302; x_wconf 72' lang='grc' dir='ltr'><em>ἡγησάμην</em></span> <span class='ocrx_word' id='word_1_120' title='bbox 1190 1242 1458 1300; x_wconf 70' lang='grc' dir='ltr'><em>ὑπογράψαι</em></span> <span class='ocrx_word' id='word_1_121' title='bbox 1498 1248 1570 1288; x_wconf 83' lang='grc' dir='ltr'>καὶ</span> <span class='ocrx_word' id='word_1_122' title='bbox 1602 1244 1682 1301; x_wconf 80' lang='grc' dir='ltr'>τὴν</span> 
     </span>
     <span class='ocr_line' id='line_1_17' title="bbox 139 1308 1685 1369; baseline 0.001 -14"><span class='ocrx_word' id='word_1_123' title='bbox 139 1311 274 1369; x_wconf 85' lang='grc' dir='ltr'><em>φύσιν</em></span> <span class='ocrx_word' id='word_1_124' title='bbox 294 1314 383 1354; x_wconf 79' lang='grc' dir='ltr'>τῶν</span> <span class='ocrx_word' id='word_1_125' title='bbox 406 1308 547 1368; x_wconf 77' lang='grc' dir='ltr'><em>λόγων</em></span> <span class='ocrx_word' id='word_1_126' title='bbox 568 1312 653 1355; x_wconf 80' lang='grc' dir='ltr'>κτὲ.</span> <span class='ocrx_word' id='word_1_127' title='bbox 704 1314 759 1357; x_wconf 88' lang='lat' dir='ltr'>ad</span> <span class='ocrx_word' id='word_1_128' title='bbox 791 1327 917 1368; x_wconf 89' lang='lat' dir='ltr'>quem</span> <span class='ocrx_word' id='word_1_129' title='bbox 948 1314 1090 1357; x_wconf 93' lang='lat' dir='ltr'>locum</span> <span class='ocrx_word' id='word_1_130' title='bbox 1122 1314 1164 1356; x_wconf 91' lang='lat' dir='ltr'>in</span> <span class='ocrx_word' id='word_1_131' title='bbox 1194 1314 1304 1357; x_wconf 90' lang='lat' dir='ltr'>libro</span> <span class='ocrx_word' id='word_1_132' title='bbox 1327 1314 1361 1356; x_wconf 93' lang='lat' dir='ltr'><strong>B</strong></span> <span class='ocrx_word' id='word_1_133' title='bbox 1383 1328 1512 1357; x_wconf 86' lang='lat' dir='ltr'>manu</span> <span class='ocrx_word' id='word_1_134' title='bbox 1543 1315 1685 1369; x_wconf 89' lang='lat' dir='ltr'>prima</span> 
     </span>
     <span class='ocr_line' id='line_1_18' title="bbox 138 1378 1681 1438; baseline -0.001 -14"><span class='ocrx_word' id='word_1_135' title='bbox 138 1381 220 1425; x_wconf 93' lang='lat' dir='ltr'>hoc</span> <span class='ocrx_word' id='word_1_136' title='bbox 241 1382 444 1436; x_wconf 89' lang='lat' dir='ltr'>pusillum</span> <span class='ocrx_word' id='word_1_137' title='bbox 466 1381 731 1436; x_wconf 90' lang='lat' dir='ltr'>adscriptum</span> <span class='ocrx_word' id='word_1_138' title='bbox 753 1385 816 1425; x_wconf 90' lang='lat' dir='ltr'>est</span> <span class='ocrx_word' id='word_1_139' title='bbox 836 1380 1067 1425; x_wconf 89' lang='lat' dir='ltr'>scholium:</span> <span class='ocrx_word' id='word_1_140' title='bbox 1101 1380 1153 1438; x_wconf 84' lang='grc' dir='ltr'>σή</span> <span class='ocrx_word' id='word_1_141' title='bbox 1177 1379 1247 1424; x_wconf 82' lang='grc' dir='ltr'>ὅτι</span> <span class='ocrx_word' id='word_1_142' title='bbox 1270 1381 1467 1437; x_wconf 76' lang='grc' dir='ltr'><em>ὁιογένης</em></span> <span class='ocrx_word' id='word_1_143' title='bbox 1499 1378 1520 1423; x_wconf 83' lang='grc' dir='ltr'>ὁ</span> <span class='ocrx_word' id='word_1_144' title='bbox 1556 1382 1681 1436; x_wconf 81' lang='grc' dir='ltr'><strong><em>λαέρ-</em></strong></span> 
     </span>
     <span class='ocr_line' id='line_1_19' title="bbox 137 1447 1682 1505; baseline 0.001 -14"><span class='ocrx_word' id='word_1_145' title='bbox 137 1465 233 1499; x_wconf 84' lang='grc' dir='ltr'><em>τιος</em></span> <span class='ocrx_word' id='word_1_146' title='bbox 273 1447 389 1504; x_wconf 80' lang='grc' dir='ltr'><em>πρὸς</em></span> <span class='ocrx_word' id='word_1_147' title='bbox 427 1457 609 1504; x_wconf 81' lang='grc' dir='ltr'><em>γυναῖκα</em></span> <span class='ocrx_word' id='word_1_148' title='bbox 649 1447 748 1492; x_wconf 81' lang='grc' dir='ltr'><em>τινὰ</em></span> <span class='ocrx_word' id='word_1_149' title='bbox 786 1447 865 1504; x_wconf 77' lang='grc' dir='ltr'>τὴν</span> <span class='ocrx_word' id='word_1_150' title='bbox 902 1450 1060 1503; x_wconf 77' lang='grc' dir='ltr'><em>βίβλον</em></span> <span class='ocrx_word' id='word_1_151' title='bbox 1100 1451 1325 1505; x_wconf 73' lang='grc' dir='ltr'><em>ἐποίησεν.</em></span> <span class='ocrx_word' id='word_1_152' title='bbox 1398 1464 1449 1493; x_wconf 84' lang='lat' dir='ltr'>ac</span> <span class='ocrx_word' id='word_1_153' title='bbox 1488 1451 1682 1504; x_wconf 85' lang='lat' dir='ltr'>profecto</span> 
     </span>
     <span class='ocr_line' id='line_1_20' title="bbox 138 1518 1683 1573; baseline 0 -12"><span class='ocrx_word' id='word_1_154' title='bbox 138 1518 300 1573; x_wconf 87' lang='lat' dir='ltr'>ambigi</span> <span class='ocrx_word' id='word_1_155' title='bbox 339 1518 488 1572; x_wconf 89' lang='lat' dir='ltr'>nequit</span> <span class='ocrx_word' id='word_1_156' title='bbox 525 1519 627 1573; x_wconf 91' lang='lat' dir='ltr'>quin</span> <span class='ocrx_word' id='word_1_157' title='bbox 657 1519 854 1561; x_wconf 89' lang='lat' dir='ltr'>Laertius</span> <span class='ocrx_word' id='word_1_158' title='bbox 893 1518 1063 1561; x_wconf 87' lang='lat' dir='ltr'>mulieri</span> <span class='ocrx_word' id='word_1_159' title='bbox 1103 1518 1167 1559; x_wconf 88' lang='lat' dir='ltr'>illi</span> <span class='ocrx_word' id='word_1_160' title='bbox 1199 1531 1327 1572; x_wconf 89' lang='lat' dir='ltr'>quam</span> <span class='ocrx_word' id='word_1_161' title='bbox 1360 1518 1505 1560; x_wconf 85' lang='lat' dir='ltr'>verbis</span> <span class='ocrx_word' id='word_1_162' title='bbox 1537 1531 1683 1572; x_wconf 85' lang='lat' dir='ltr'>supra-</span> 
     </span>
     <span class='ocr_line' id='line_1_21' title="bbox 138 1585 1684 1642; baseline -0.001 -12"><span class='ocrx_word' id='word_1_163' title='bbox 138 1587 310 1642; x_wconf 89' lang='lat' dir='ltr'>scriptis</span> <span class='ocrx_word' id='word_1_164' title='bbox 360 1586 606 1640; x_wconf 92' lang='lat' dir='ltr'>adloquitur</span> <span class='ocrx_word' id='word_1_165' title='bbox 656 1586 724 1637; x_wconf 88' lang='lat' dir='ltr'>(cf.</span> <span class='ocrx_word' id='word_1_166' title='bbox 762 1587 890 1629; x_wconf 89' lang='lat' dir='ltr'>etiam</span> <span class='ocrx_word' id='word_1_167' title='bbox 937 1587 964 1629; x_wconf 92' lang='lat' dir='ltr'>l.</span> <span class='ocrx_word' id='word_1_168' title='bbox 1001 1586 1044 1629; x_wconf 92' lang='lat' dir='ltr'>X</span> <span class='ocrx_word' id='word_1_169' title='bbox 1080 1585 1152 1639; x_wconf 78' lang='lat'>29)</span> <span class='ocrx_word' id='word_1_170' title='bbox 1202 1587 1357 1629; x_wconf 92' lang='lat' dir='ltr'>librum</span> <span class='ocrx_word' id='word_1_171' title='bbox 1403 1585 1684 1629; x_wconf 88' lang='lat' dir='ltr'>dedicaverit.</span> 
     </span>
     <span class='ocr_line' id='line_1_22' title="bbox 139 1654 1686 1710; baseline -0.001 -12"><span class='ocrx_word' id='word_1_172' title='bbox 139 1655 211 1710; x_wconf 92' lang='lat' dir='ltr'>qui</span> <span class='ocrx_word' id='word_1_173' title='bbox 242 1659 385 1698; x_wconf 89' lang='lat' dir='ltr'>autem</span> <span class='ocrx_word' id='word_1_174' title='bbox 417 1654 510 1698; x_wconf 87' lang='lat' dir='ltr'>sive</span> <span class='ocrx_word' id='word_1_175' title='bbox 531 1656 668 1698; x_wconf 91' lang='lat' dir='ltr'>amico</span> <span class='ocrx_word' id='word_1_176' title='bbox 691 1655 784 1698; x_wconf 86' lang='lat' dir='ltr'>sive</span> <span class='ocrx_word' id='word_1_177' title='bbox 806 1655 962 1698; x_wconf 80' lang='lat' dir='ltr'>fautori</span> <span class='ocrx_word' id='word_1_178' title='bbox 986 1654 1143 1698; x_wconf 91' lang='lat' dir='ltr'>librum</span> <span class='ocrx_word' id='word_1_179' title='bbox 1163 1668 1285 1699; x_wconf 90' lang='lat' dir='ltr'>suum</span> <span class='ocrx_word' id='word_1_180' title='bbox 1309 1655 1456 1699; x_wconf 87' lang='lat' dir='ltr'>dicare</span> <span class='ocrx_word' id='word_1_181' title='bbox 1478 1655 1686 1710; x_wconf 87' lang='lat' dir='ltr'>decrevit,</span> 
     </span>
     <span class='ocr_line' id='line_1_23' title="bbox 137 1722 1684 1777; baseline -0.001 -10"><span class='ocrx_word' id='word_1_182' title='bbox 137 1724 174 1767; x_wconf 89' lang='lat' dir='ltr'>is</span> <span class='ocrx_word' id='word_1_183' title='bbox 205 1722 523 1767; x_wconf 83' lang='lat' dir='ltr'>dedicationem</span> <span class='ocrx_word' id='word_1_184' title='bbox 556 1736 641 1777; x_wconf 90' lang='lat' dir='ltr'>qua</span> <span class='ocrx_word' id='word_1_185' title='bbox 679 1723 794 1767; x_wconf 90' lang='lat' dir='ltr'>illius</span> <span class='ocrx_word' id='word_1_186' title='bbox 829 1736 985 1766; x_wconf 90' lang='lat' dir='ltr'>nomen</span> <span class='ocrx_word' id='word_1_187' title='bbox 1017 1723 1272 1767; x_wconf 84' lang='lat' dir='ltr'>exhibeatur</span> <span class='ocrx_word' id='word_1_188' title='bbox 1302 1724 1346 1766; x_wconf 92' lang='lat' dir='ltr'>in</span> <span class='ocrx_word' id='word_1_189' title='bbox 1376 1724 1516 1767; x_wconf 90' lang='lat' dir='ltr'>fronte</span> <span class='ocrx_word' id='word_1_190' title='bbox 1546 1723 1684 1766; x_wconf 90' lang='lat' dir='ltr'>libelli</span> 
     </span>
     <span class='ocr_line' id='line_1_24' title="bbox 138 1792 1683 1848; baseline -0.001 -12"><span class='ocrx_word' id='word_1_191' title='bbox 138 1792 363 1836; x_wconf 89' lang='lat' dir='ltr'>conlocare</span> <span class='ocrx_word' id='word_1_192' title='bbox 394 1792 516 1836; x_wconf 87' lang='lat' dir='ltr'>solet.</span> <span class='ocrx_word' id='word_1_193' title='bbox 566 1792 685 1847; x_wconf 90' lang='lat' dir='ltr'>atqui</span> <span class='ocrx_word' id='word_1_194' title='bbox 712 1796 828 1836; x_wconf 90' lang='lat' dir='ltr'>caret</span> <span class='ocrx_word' id='word_1_195' title='bbox 848 1792 1010 1836; x_wconf 91' lang='lat' dir='ltr'>Laertii</span> <span class='ocrx_word' id='word_1_196' title='bbox 1041 1805 1148 1847; x_wconf 91' lang='lat' dir='ltr'>opus</span> <span class='ocrx_word' id='word_1_197' title='bbox 1180 1793 1256 1835; x_wconf 90' lang='lat' dir='ltr'>tali</span> <span class='ocrx_word' id='word_1_198' title='bbox 1287 1793 1578 1848; x_wconf 82' lang='lat' dir='ltr'>inscriptione.</span> <span class='ocrx_word' id='word_1_199' title='bbox 1631 1805 1683 1834; x_wconf 92' lang='lat' dir='ltr'>ne</span> 
     </span>
     <span class='ocr_line' id='line_1_25' title="bbox 136 1861 1683 1915; baseline 0 -12"><span class='ocrx_word' id='word_1_200' title='bbox 136 1861 289 1904; x_wconf 88' lang='lat' dir='ltr'>multa:</span> <span class='ocrx_word' id='word_1_201' title='bbox 336 1874 432 1904; x_wconf 92' lang='lat' dir='ltr'>cum</span> <span class='ocrx_word' id='word_1_202' title='bbox 472 1861 591 1903; x_wconf 89' lang='lat' dir='ltr'>nulla</span> <span class='ocrx_word' id='word_1_203' title='bbox 630 1861 866 1915; x_wconf 86' lang='lat' dir='ltr'>excogitari</span> <span class='ocrx_word' id='word_1_204' title='bbox 906 1865 1035 1915; x_wconf 87' lang='lat' dir='ltr'>queat</span> <span class='ocrx_word' id='word_1_205' title='bbox 1073 1874 1204 1904; x_wconf 88' lang='lat' dir='ltr'>causa</span> <span class='ocrx_word' id='word_1_206' title='bbox 1240 1874 1369 1914; x_wconf 90' lang='lat' dir='ltr'>quam</span> <span class='ocrx_word' id='word_1_207' title='bbox 1401 1862 1455 1904; x_wconf 94' lang='lat' dir='ltr'>ob</span> <span class='ocrx_word' id='word_1_208' title='bbox 1487 1874 1576 1904; x_wconf 88' lang='lat' dir='ltr'>rem</span> <span class='ocrx_word' id='word_1_209' title='bbox 1609 1861 1683 1903; x_wconf 92' lang='lat' dir='ltr'>ille</span> 
     </span>
     <span class='ocr_line' id='line_1_26' title="bbox 135 1927 1683 1984; baseline 0.001 -14"><span class='ocrx_word' id='word_1_210' title='bbox 135 1928 246 1971; x_wconf 91' lang='lat' dir='ltr'>libro</span> <span class='ocrx_word' id='word_1_211' title='bbox 268 1942 344 1972; x_wconf 90' lang='lat' dir='ltr'>suo</span> <span class='ocrx_word' id='word_1_212' title='bbox 366 1927 681 1972; x_wconf 90' lang='lat' dir='ltr'>dedicationem</span> <span class='ocrx_word' id='word_1_213' title='bbox 697 1929 971 1983; x_wconf 89' lang='lat' dir='ltr'>praemittere</span> <span class='ocrx_word' id='word_1_214' title='bbox 993 1928 1190 1983; x_wconf 89' lang='lat' dir='ltr'>noluerit,</span> <span class='ocrx_word' id='word_1_215' title='bbox 1226 1928 1413 1972; x_wconf 88' lang='lat' dir='ltr'>dubitari</span> <span class='ocrx_word' id='word_1_216' title='bbox 1436 1930 1512 1972; x_wconf 86' lang='lat' dir='ltr'>vix</span> <span class='ocrx_word' id='word_1_217' title='bbox 1539 1933 1683 1984; x_wconf 92' lang='lat' dir='ltr'>potest</span> 
     </span>
     <span class='ocr_line' id='line_1_27' title="bbox 135 1995 1682 2052; baseline 0 -13"><span class='ocrx_word' id='word_1_218' title='bbox 135 1996 237 2051; x_wconf 92' lang='lat' dir='ltr'>quin</span> <span class='ocrx_word' id='word_1_219' title='bbox 277 1995 386 2039; x_wconf 91' lang='lat' dir='ltr'>haec</span> <span class='ocrx_word' id='word_1_220' title='bbox 424 1996 496 2038; x_wconf 87' lang='lat' dir='ltr'>vel</span> <span class='ocrx_word' id='word_1_221' title='bbox 539 1996 810 2038; x_wconf 89' lang='lat' dir='ltr'>librariorum</span> <span class='ocrx_word' id='word_1_222' title='bbox 850 1996 1014 2039; x_wconf 89' lang='lat' dir='ltr'>incuria</span> <span class='ocrx_word' id='word_1_223' title='bbox 1055 1997 1125 2039; x_wconf 86' lang='lat' dir='ltr'>vel</span> <span class='ocrx_word' id='word_1_224' title='bbox 1165 1998 1253 2039; x_wconf 88' lang='lat' dir='ltr'>alia</span> <span class='ocrx_word' id='word_1_225' title='bbox 1291 2011 1421 2039; x_wconf 88' lang='lat' dir='ltr'>causa</span> <span class='ocrx_word' id='word_1_226' title='bbox 1461 1998 1682 2052; x_wconf 87' lang='lat' dir='ltr'>perierit.¹)</span> 
     </span>
     <span class='ocr_line' id='line_1_28' title="bbox 136 2063 1680 2120; baseline 0.001 -11"><span class='ocrx_word' id='word_1_227' title='bbox 136 2066 210 2120; x_wconf 89' lang='lat' dir='ltr'>qui</span> <span class='ocrx_word' id='word_1_228' title='bbox 242 2063 435 2109; x_wconf 87' lang='lat' dir='ltr'>defectus</span> <span class='ocrx_word' id='word_1_229' title='bbox 466 2064 670 2108; x_wconf 86' lang='lat' dir='ltr'>facillime</span> <span class='ocrx_word' id='word_1_230' title='bbox 702 2063 953 2120; x_wconf 83' lang='lat' dir='ltr'>explicatur,</span> <span class='ocrx_word' id='word_1_231' title='bbox 987 2065 1088 2109; x_wconf 87' lang='lat' dir='ltr'>dum</span> <span class='ocrx_word' id='word_1_232' title='bbox 1108 2064 1236 2109; x_wconf 91' lang='lat' dir='ltr'>modo</span> <span class='ocrx_word' id='word_1_233' title='bbox 1258 2064 1420 2109; x_wconf 90' lang='lat' dir='ltr'>Laertii</span> <span class='ocrx_word' id='word_1_234' title='bbox 1442 2065 1680 2111; x_wconf 89' lang='lat' dir='ltr'>dedicatio-</span> 
     </span>
     <span class='ocr_line' id='line_1_29' title="bbox 133 2132 1681 2190; baseline 0.001 -14"><span class='ocrx_word' id='word_1_235' title='bbox 133 2146 231 2177; x_wconf 91' lang='lat' dir='ltr'>nem</span> <span class='ocrx_word' id='word_1_236' title='bbox 280 2132 416 2177; x_wconf 88' lang='lat' dir='ltr'>forma</span> <span class='ocrx_word' id='word_1_237' title='bbox 464 2132 686 2188; x_wconf 87' lang='lat' dir='ltr'>epistulari</span> <span class='ocrx_word' id='word_1_238' title='bbox 732 2134 865 2177; x_wconf 87' lang='lat' dir='ltr'>fuisse</span> <span class='ocrx_word' id='word_1_239' title='bbox 913 2138 1074 2177; x_wconf 87' lang='lat' dir='ltr'>statuas</span> <span class='ocrx_word' id='word_1_240' title='bbox 1124 2133 1191 2185; x_wconf 89' lang='lat' dir='ltr'>(cf.</span> <span class='ocrx_word' id='word_1_241' title='bbox 1233 2133 1455 2178; x_wconf 89' lang='lat' dir='ltr'>Parthenii</span> <span class='ocrx_word' id='word_1_242' title='bbox 1506 2137 1532 2178; x_wconf 92' lang='lat' dir='ltr'>l.</span> <span class='ocrx_word' id='word_1_243' title='bbox 1575 2137 1681 2190; x_wconf 80' lang='grc' dir='ltr'><strong><em>περὶ</em></strong></span> 
     </span>
     <span class='ocr_line' id='line_1_30' title="bbox 135 2200 1683 2259; baseline 0.004 -16"><span class='ocrx_word' id='word_1_244' title='bbox 135 2200 262 2256; x_wconf 77' lang='grc' dir='ltr'><em>ἐρωτ.</em></span> <span class='ocrx_word' id='word_1_245' title='bbox 294 2204 427 2256; x_wconf 53' lang='lat' dir='ltr'>staff„</span> <span class='ocrx_word' id='word_1_246' title='bbox 468 2201 678 2257; x_wconf 86' lang='lat' dir='ltr'>Hesychii</span> <span class='ocrx_word' id='word_1_247' title='bbox 709 2202 808 2257; x_wconf 65' lang='lat' dir='ltr'>lex„</span> <span class='ocrx_word' id='word_1_248' title='bbox 850 2201 1103 2254; x_wconf 83' lang='lat' dir='ltr'>Quintiliani</span> <span class='ocrx_word' id='word_1_249' title='bbox 1135 2201 1273 2246; x_wconf 81' lang='lat' dir='ltr'>Instit.</span> <span class='ocrx_word' id='word_1_250' title='bbox 1307 2209 1430 2259; x_wconf 64' lang='lat' dir='ltr'>orat„</span> <span class='ocrx_word' id='word_1_251' title='bbox 1462 2209 1683 2249; x_wconf 88' lang='lat' dir='ltr'>sescentos</span> 
     </span>
     <span class='ocr_line' id='line_1_31' title="bbox 133 2270 1683 2326; baseline 0.003 -13"><span class='ocrx_word' id='word_1_252' title='bbox 133 2270 243 2314; x_wconf 91' lang='lat' dir='ltr'>alios</span> <span class='ocrx_word' id='word_1_253' title='bbox 283 2271 447 2319; x_wconf 88' lang='lat' dir='ltr'>libros).</span> <span class='ocrx_word' id='word_1_254' title='bbox 496 2294 552 2300; x_wconf 92' lang='lat'>—</span> <span class='ocrx_word' id='word_1_255' title='bbox 596 2270 782 2325; x_wconf 92' lang='lat' dir='ltr'>denique</span> <span class='ocrx_word' id='word_1_256' title='bbox 820 2275 973 2326; x_wconf 89' lang='lat' dir='ltr'>aperta</span> <span class='ocrx_word' id='word_1_257' title='bbox 1011 2271 1165 2313; x_wconf 87' lang='lat' dir='ltr'>lacuna</span> <span class='ocrx_word' id='word_1_258' title='bbox 1204 2271 1370 2314; x_wconf 87' lang='lat' dir='ltr'>laborat</span> <span class='ocrx_word' id='word_1_259' title='bbox 1406 2273 1449 2314; x_wconf 93' lang='lat' dir='ltr'>in</span> <span class='ocrx_word' id='word_1_260' title='bbox 1484 2274 1683 2317; x_wconf 91' lang='lat' dir='ltr'>omnibus</span> 
     </span>
     <span class='ocr_line' id='line_1_32' title="bbox 133 2338 1681 2396; baseline 0.003 -15"><span class='ocrx_word' id='word_1_261' title='bbox 133 2338 256 2382; x_wconf 92' lang='lat' dir='ltr'>libris</span> <span class='ocrx_word' id='word_1_262' title='bbox 286 2338 528 2383; x_wconf 88' lang='lat' dir='ltr'>Laertianis</span> <span class='ocrx_word' id='word_1_263' title='bbox 558 2339 789 2383; x_wconf 90' lang='lat' dir='ltr'>laterculus</span> <span class='ocrx_word' id='word_1_264' title='bbox 822 2353 906 2394; x_wconf 92' lang='lat' dir='ltr'>quo</span> <span class='ocrx_word' id='word_1_265' title='bbox 937 2339 1203 2383; x_wconf 88' lang='lat' dir='ltr'>inlustriores</span> <span class='ocrx_word' id='word_1_266' title='bbox 1235 2338 1431 2384; x_wconf 88' lang='lat' dir='ltr'>homines</span> <span class='ocrx_word' id='word_1_267' title='bbox 1463 2342 1535 2396; x_wconf 93' lang='lat' dir='ltr'>qui</span> <span class='ocrx_word' id='word_1_268' title='bbox 1566 2341 1681 2385; x_wconf 87' lang='lat' dir='ltr'>Stra-</span> 
     </span>
     <span class='ocr_line' id='line_1_33' title="bbox 133 2407 1681 2464; baseline 0.003 -15"><span class='ocrx_word' id='word_1_269' title='bbox 133 2407 245 2449; x_wconf 90' lang='lat' dir='ltr'>tonis</span> <span class='ocrx_word' id='word_1_270' title='bbox 284 2419 441 2449; x_wconf 90' lang='lat' dir='ltr'>nomen</span> <span class='ocrx_word' id='word_1_271' title='bbox 480 2420 653 2462; x_wconf 86' lang='lat' dir='ltr'>gessere</span> <span class='ocrx_word' id='word_1_272' title='bbox 691 2412 964 2451; x_wconf 87' lang='lat' dir='ltr'>recensentur</span> <span class='ocrx_word' id='word_1_273' title='bbox 999 2408 1069 2461; x_wconf 86' lang='lat' dir='ltr'>(cf.</span> <span class='ocrx_word' id='word_1_274' title='bbox 1102 2409 1129 2450; x_wconf 92' lang='lat' dir='ltr'>l.</span> <span class='ocrx_word' id='word_1_275' title='bbox 1153 2408 1189 2450; x_wconf 94' lang='lat' dir='ltr'>V</span> <span class='ocrx_word' id='word_1_276' title='bbox 1212 2410 1302 2464; x_wconf 84' lang='lat'>61),</span> <span class='ocrx_word' id='word_1_277' title='bbox 1350 2423 1443 2452; x_wconf 92' lang='lat' dir='ltr'>cum</span> <span class='ocrx_word' id='word_1_278' title='bbox 1484 2415 1681 2464; x_wconf 90' lang='lat' dir='ltr'>quartum</span> 
     </span>
     <span class='ocr_line' id='line_1_34' title="bbox 132 2474 1681 2532; baseline 0.003 -14"><span class='ocrx_word' id='word_1_279' title='bbox 132 2474 377 2518; x_wconf 88' lang='lat' dir='ltr'>Stratonem</span> <span class='ocrx_word' id='word_1_280' title='bbox 410 2475 511 2518; x_wconf 89' lang='lat' dir='ltr'>ilico</span> <span class='ocrx_word' id='word_1_281' title='bbox 542 2479 690 2520; x_wconf 86' lang='lat' dir='ltr'>sextus</span> <span class='ocrx_word' id='word_1_282' title='bbox 722 2476 923 2532; x_wconf 85' lang='lat' dir='ltr'>excipiat.</span> <span class='ocrx_word' id='word_1_283' title='bbox 974 2480 1145 2531; x_wconf 87' lang='lat' dir='ltr'>praeter</span> <span class='ocrx_word' id='word_1_284' title='bbox 1166 2475 1244 2520; x_wconf 89' lang='lat' dir='ltr'>hos</span> <span class='ocrx_word' id='word_1_285' title='bbox 1275 2478 1507 2532; x_wconf 90' lang='lat' dir='ltr'>ampliores</span> <span class='ocrx_word' id='word_1_286' title='bbox 1539 2477 1681 2522; x_wconf 89' lang='lat' dir='ltr'>hiatus</span> 
     </span>
    </p>
   </div>
   <div class='ocr_carea' id='block_1_3' title="bbox 133 2577 405 2584">
    <p class='ocr_par' dir='ltr' id='par_1_3' title="bbox 133 2577 405 2584">
     <span class='ocr_line' id='line_1_35' title="bbox 133 2577 405 2584; baseline 0 645"><span class='ocrx_word' id='word_1_287' title='bbox 133 2577 405 2584; x_wconf 95' lang='lat' dir='ltr'> </span> 
     </span>
    </p>
   </div>
   <div class='ocr_carea' id='block_1_4' title="bbox 129 2631 1679 2737">
    <p class='ocr_par' dir='ltr' id='par_1_4' title="bbox 129 2631 1679 2737">
     <span class='ocr_line' id='line_1_36' title="bbox 249 2631 1679 2679; baseline 0.003 -12"><span class='ocrx_word' id='word_1_288' title='bbox 249 2635 280 2676; x_wconf 89' lang='lat'>1)</span> <span class='ocrx_word' id='word_1_289' title='bbox 305 2631 474 2668; x_wconf 87' lang='lat' dir='ltr'>Similiter</span> <span class='ocrx_word' id='word_1_290' title='bbox 503 2631 611 2668; x_wconf 90' lang='lat' dir='ltr'>simili</span> <span class='ocrx_word' id='word_1_291' title='bbox 639 2632 677 2669; x_wconf 91' lang='lat' dir='ltr'>in</span> <span class='ocrx_word' id='word_1_292' title='bbox 710 2642 750 2669; x_wconf 90' lang='lat' dir='ltr'>re</span> <span class='ocrx_word' id='word_1_293' title='bbox 779 2642 896 2679; x_wconf 87' lang='lat' dir='ltr'>nuper</span> <span class='ocrx_word' id='word_1_294' title='bbox 927 2632 1102 2669; x_wconf 85' lang='lat' dir='ltr'>iudicavit</span> <span class='ocrx_word' id='word_1_295' title='bbox 1133 2633 1316 2670; x_wconf 87' lang='lat' dir='ltr'>Maassius</span> <span class='ocrx_word' id='word_1_296' title='bbox 1345 2634 1440 2672; x_wconf 83' lang='lat' dir='ltr'>Com.</span> <span class='ocrx_word' id='word_1_297' title='bbox 1469 2638 1573 2672; x_wconf 83' lang='lat' dir='ltr'>Arat.</span> <span class='ocrx_word' id='word_1_298' title='bbox 1599 2636 1679 2673; x_wconf 84' lang='lat' dir='ltr'>rell.</span> 
     </span>
     <span class='ocr_line' id='line_1_37' title="bbox 129 2689 548 2737; baseline -0.007 -10"><span class='ocrx_word' id='word_1_299' title='bbox 129 2693 248 2735; x_wconf 83' lang='lat'>(1898)</span> <span class='ocrx_word' id='word_1_300' title='bbox 272 2702 332 2737; x_wconf 85' lang='lat' dir='ltr'>pg.</span> <span class='ocrx_word' id='word_1_301' title='bbox 350 2689 482 2735; x_wconf 91' lang='lat' dir='ltr'>LXXI,</span> <span class='ocrx_word' id='word_1_302' title='bbox 507 2698 548 2724; x_wconf 88' lang='lat'>11.</span> 
     </span>
    </p>
   </div>
  </div>
 </body>
</html>
