1861 3229
122 127 143 164 1
154 127 205 164 10
717 125 885 171 Edgarus
909 125 1072 162 Martini.

122 256 194 297 pg.
221 243 319 295 123)
343 242 355 296 ΙΙ
383 245 433 284 17
465 240 515 284 ὃν
546 255 605 284 a:
630 239 653 284 ὂ
685 243 720 284 Β
744 240 758 296 ΙΙ
785 243 835 284 18
866 242 944 299 τῆς
974 242 1171 298 κεφαλῆς
1200 255 1230 282 α
1251 255 1263 284 :
1283 243 1338 298 τῆ
1367 243 1541 301 κεφαλῆ
1567 246 1610 294 (i.
1633 258 1672 289 e.

122 312 178 367 τῇ
199 309 386 366 κεφαλῇ)
402 310 437 352 Β
461 308 475 364 ΙΙ
499 312 549 352 21
583 304 633 351 οῦ
663 308 749 367 μὴν
781 309 828 353 δὲ
850 323 880 350 α
901 324 910 349 :
935 304 985 352 οὗ
1006 307 1091 367 μὴν
1112 310 1148 352 Β
1173 309 1185 363 [Ι
1207 309 1488 354 κινδυνεῦσαι
1513 325 1543 352 α
1565 327 1575 353 z
1597 313 1672 355 καὶ

120 377 442 420 κινδυνεῦσαιΒ
465 377 480 430 ΙΙ
504 376 718 420 διέσωσεν
735 391 763 418 α
780 394 789 420 :
809 376 1059 420 διεσώσατο
1074 378 1110 420 Β
1125 379 1194 426 (cf.
1211 377 1336 421 Arrh.
1354 378 1491 420 Anah.
1507 381 1527 422 I
1545 384 1585 434 9,
1603 382 1645 432 3)
1661 379 1674 436 u

120 447 173 489 22
195 443 362 495 πάντες
384 458 413 486 α
429 461 438 488 :
456 461 528 489 τοι
550 444 718 497 πάντες
744 447 779 490 Β
803 446 816 500 ΙΙ
840 448 894 488 24
918 447 1100 502 θρασίω
1123 459 1152 487 α
1168 461 1178 490 :
1194 448 1350 489 θασίω
1377 446 1420 499 (i.
1439 460 1476 490 e.
1498 449 1673 504 Θασίῳ)

120 516 154 558 Β
170 513 180 569 Η
197 517 251 557 26
268 513 569 570 θεόπεμπτος
585 530 615 557 α
631 517 699 571 (of.
717 517 736 558 I
756 517 852 566 117)
871 530 880 555 ε
896 513 1173 569 θεόπομπος
1189 515 1224 558 Β
1246 514 1257 571 ΙΙ
1278 517 1332 559 32
1348 515 1422 557 καὶ
1439 528 1492 558 a:
1511 513 1595 571 γὰρ
1609 517 1645 559 Β
1660 515 1673 572 ΙΙ

120 587 172 628 33
203 573 313 640 ἦμεν
344 597 374 624 α
405 598 414 623 1
448 583 571 639 εἰμὲν
603 585 638 628 Β
669 583 685 640 ΙΙ
717 586 768 628 38
800 600 845 628 τι
880 583 1172 639 μειρακιῶδες
1203 597 1232 624 α
1263 598 1272 624 z
1302 581 1597 638 μειρακιῶδές
1626 599 1672 626 τι

119 654 153 695 Β
177 651 191 708 ΙΙ
216 656 269 695 45
302 651 394 707 εἰμὶ
427 666 456 693 α
487 670 496 697 z
531 652 570 696 εἰ
600 652 660 711 μὴ
693 654 727 696 Β
758 654 773 708 ΙΙ
805 655 858 696 48
888 653 1024 695 καλοῦ
1055 666 1084 693 α
1113 668 1123 696 :
1154 651 1343 702 κάλλους
1374 652 1409 694 Β
1438 651 1453 705 ΙΙ
1484 654 1534 694 51
1568 650 1672 693 τού-

118 737 207 764 των
239 735 268 762 α
300 738 309 765 ;
341 720 501 765 τούτου
533 723 568 766 Β
606 720 621 778 ΙΙ
659 721 802 779 δόγμα
840 724 1022 766 τιθέναι
1052 735 1081 763 α
1112 737 1121 766 :
1154 716 1355 777 δόγματα
1393 723 1577 764 τιθέναι
1607 718 1672 778 Bss

120 794 171 834 61
199 786 330 841 οὗτος
362 805 391 831 α
416 793 487 844 (=
507 791 761 843 DGOSUV)
792 807 801 832 ε
833 792 908 834 καὶ
939 786 1068 841 οὗτος
1098 792 1134 834 Β
1156 791 1171 845 ΙΙ
1195 794 1248 834 66
1282 789 1515 834 ἐκδοθέντι
1547 788 1575 833 ἃ
1608 804 1669 831 a:

121 857 367 902 ἐκδοθέντα
398 860 432 902 Β
456 859 471 915 ΙΙ
495 859 738 916 διαγνῶναι
768 873 797 900 α
827 876 836 903 :
872 859 1169 915 διαναγνῶναι
1202 860 1234 902 Β
1267 860 1281 914 ΙΙ
1313 862 1365 904 69
1396 853 1495 901 κατ’
1535 853 1671 901 αῦτὸν

119 931 320 984 θατέρου
353 942 381 969 α
412 944 421 971 :
453 927 564 970 κατὰ
602 927 681 970 τὸν
710 930 910 982 θατέρου
941 929 975 971 Β
1013 929 1028 981 ΙΙ
1064 926 1175 970 κατὰ
1212 924 1376 971 ταύτὸν
1414 922 1578 971 ταῦτοῦ
1609 941 1669 968 a:

118 996 231 1039 κατὰ
253 994 332 1039 τὸν
353 992 519 1038 ταύτοῦ
540 997 576 1038 Β
599 996 614 1051 ΙΙ
639 1000 691 1038 74
715 993 829 1050 ὑπὲρ
860 995 941 1050 μὲν
971 994 1049 1037 τὸν
1080 997 1158 1050 τῆς
1187 997 1266 1051 γῆς
1295 994 1452 1038 κύκλον
1473 1010 1502 1036 α
1524 1011 1533 1036 :
1556 991 1669 1053 ὑπὲρ

117 1064 199 1117 μὲν
230 1065 316 1105 τῶν
343 1062 388 1105 ἐκ
407 1065 487 1118 γῆς
507 1063 674 1105 κύκλων
696 1064 731 1105 Β
762 1062 826 1116 (ἐν
859 1065 886 1104 ἇ
918 1062 999 1116 μὲν
1030 1064 1118 1105 τῶν
1149 1062 1233 1113 ἔξω
1263 1065 1341 1121 γῆς
1372 1058 1538 1106 κύκλων
1569 1064 1669 1119 lego

118 1133 170 1176 el.
193 1133 303 1175 Plat.
334 1131 434 1175 Tz'm.
458 1144 498 1186 p.
524 1132 577 1173 38
599 1133 652 1179 c.)
675 1130 690 1186 ΙΙ
716 1134 767 1174 76
789 1128 1026 1185 κινούμενα
1056 1144 1086 1170 α
1117 1146 1126 1171 :
1157 1130 1370 1187 γινόμενα
1400 1132 1435 1175 Β
1459 1130 1473 1187 ΙΙ
1498 1135 1550 1176 79
1583 1130 1670 1174 διε·

116 1201 252 1255 λέχθη
285 1213 314 1240 α
335 1215 346 1243 :
370 1198 598 1250 διεδέξατο
620 1200 677 1242 Β1
709 1198 955 1251 (διελέξατο
978 1201 1052 1251 B2)
1074 1199 1088 1255 ΙΙ
1113 1202 1167 1243 84
1200 1199 1378 1256 ναυτικὴ
1412 1214 1442 1241 α
1465 1215 1473 1241 :
1497 1217 1670 1257 ναυπη-

113 1267 209 1325 γικὴ
245 1270 279 1311 Β
303 1269 394 1322 1190
426 1266 729 1321 βουλεύεσθαι
762 1282 790 1309 α
818 1284 827 1309 :
855 1268 1157 1322 βουλεύεσθαί
1186 1284 1235 1311 τε
1265 1270 1300 1312 Β
1322 1267 1338 1325 ΙΙ
1360 1267 1578 1313 τοιούτων
1609 1283 1670 1313 a:

113 1336 329 1380 τοιούτων
360 1335 544 1379 πάντων
574 1337 609 1380 Β
631 1335 647 1391 ΙΙ
670 1339 724 1381 92
757 1335 796 1379 εἰ
828 1336 876 1379 δὲ
907 1351 936 1378 α
957 1354 966 1381 :
990 1337 1033 1380 οἱ
1056 1336 1103 1380 δὲ
1125 1338 1159 1380 Β
1182 1336 1197 1393 ΙΙ
1220 1341 1275 1382 94
1297 1332 1503 1381 ἀκούοντι
1525 1351 1554 1378 α
1574 1354 1584 1381 :
1606 1338 1670 1380 τῶ

114 1409 158 1456 (i.
177 1407 296 1461 (3525)
315 1400 565 1448 ἆκούοντιΒ
588 1404 603 1460 ΙΙ
627 1408 680 1447 95
699 1401 918 1462 ἀλλήλους
933 1420 963 1447 α
979 1423 988 1449 :
1007 1402 1213 1456 ἔλλουςΒ
1237 1405 1251 1461 ΙΙ
1274 1408 1328 1450 99
1346 1407 1506 1463 φίλους
1522 1420 1551 1447 οι
1567 1423 1576 1450 :
1593 1408 1669 1450 καὶ

116 1475 278 1532 φίλους
294 1475 329 1516 Β
345 1472 357 1529 ss
376 1476 455 1515 100
472 1475 871 1526 μετασκευαστικαὶ
888 1488 917 1514 α
934 1490 943 1517 :
960 1475 1417 1531 μετασχηματιστικαὶ
1433 1475 1469 1517 Β
1485 1472 1496 1529 ΙΙ
1515 1476 1595 1517 102
1612 1471 1669 1516 τὰ

117 1542 165 1585 δὲ
203 1540 317 1584 καλὰ
349 1555 378 1604 οι
409 1558 418 1584 :
450 1539 506 1583 τὰ
548 1541 595 1584 δὲ
637 1537 792 1597 ἆγαθὰ
827 1543 862 1586 Β
893 1541 909 1597 ΙΙ
942 1544 1021 1586 103
1043 1537 1204 1606 ,ὄντων
1235 1556 1264 1583 α
1294 1559 1304 1586 :
1334 1540 1394 1600 μὴ
1427 1538 1570 1586 ὅντων
1600 1544 1636 1587 Β
1656 1542 1669 1599 ss

115 1610 176 1653 IV
202 1614 220 1652 1
255 1608 304 1651 τὸ
339 1606 457 1666 ἠθος
489 1623 517 1649 α
549 1611 620 1660 (=
641 1610 852 1661 DGSUV)
875 1625 883 1652 :
904 1608 1007 1665 τόγε
1032 1607 1149 1667 ἦθος
1169 1611 1204 1652 Β
1227 1609 1242 1665 ΙΙ
1265 1613 1289 1652 3
1313 1612 1587 1668 συναντῆσαι
1608 1625 1637 1651 α
1657 1627 1667 1654 :

117 1680 423 1722 συναντέσθαι
445 1678 500 1721 Β1
525 1677 539 1734 ΙΙ
564 1681 589 1721 6
621 1672 906 1733 ἆγαθήνορος
937 1692 966 1719 οι
989 1694 998 1721 :
1022 1673 1309 1734 ἆγαθάνορος
1329 1679 1364 1721 Β
1396 1679 1465 1729 (cf.
1492 1678 1534 1722 C.
1553 1679 1589 1723 Ι.
1616 1678 1666 1723 G.

114 1762 176 1790 nr.
201 1749 328 1796 6091)
353 1744 367 1800 ΙΙ
389 1745 678 1803 καρχηδόνιος
710 1746 867 1790 DGSU
898 1745 1193 1800 (καρχιδόνιος
1215 1747 1267 1798 V)
1293 1763 1302 1790 :
1324 1744 1612 1804 καλχηδόνιος
1632 1748 1667 1790 Β

114 1812 545 1869 (cf.Diels.Dox09r.
563 1829 634 1871 pg.
652 1816 730 1858 129
748 1818 833 1859 not.
844 1818 886 1867 3)
908 1813 923 1870 ΙΙ
948 1809 1135 1858 ἀπιέναι
1150 1829 1180 1855 α
1196 1829 1206 1857 :
1224 1808 1398 1858 ἀνιέναι
1414 1816 1448 1858 Β
1472 1814 1487 1871 ΙΙ
1509 1831 1669 1872 πορνι-

111 1882 215 1935 κοὺς
246 1898 275 1924 οι
307 1899 315 1923 :
348 1886 618 1938 προυνίκους
648 1884 684 1926 Β
716 1887 787 1935 (an
817 1884 1141 1940 nqovvetnovg?
1171 1885 1223 1928 cf.
1256 1883 1398 1940 Etym.
1423 1883 1564 1939 Maqn.
1598 1884 1666 1928 ed.

111 1953 246 1998 Gaisf.
269 1968 341 2009 pg.
359 1955 529 2008 691‚19)
553 1952 568 2007 ΙΙ
592 1955 616 1995 8
634 1960 730 2004 τοῖς
751 1954 1024 2005 κατασχοῦσι
1045 1966 1074 1993 α
1096 1969 1105 1997 :
1126 1961 1224 2003 τοῖς
1242 1954 1371 2007 χουσὶ
1388 1954 1424 1998 Β
1446 1952 1461 2009 ΙΙ
1484 1956 1509 1997 9
1530 1952 1667 2008 δωρο-

112 2021 300 2077 δοκῆσαι
331 2036 360 2062 α
391 2037 400 2064 :
435 2019 837 2077 δωροδοκήσαντας
869 2022 903 2063 Β
940 2021 953 2075 ΙΙ
996 2024 1045 2063 13
1086 2021 1193 2075 περὶ
1232 2016 1411 2077 ἆγαθοῦ
1441 2036 1470 2062 α
1510 2037 1521 2064 :
1560 2022 1667 2077 περὶ

109 2085 317 2146 τάγαθοῦ
347 2091 382 2133 Β
406 2090 420 2143 ΙΙ
447 2094 499 2132 14
537 2087 782 2143 λυσιμάχου
815 2102 844 2128 α
875 2102 886 2131 :
918 2088 1211 2143 λυσιμαχίδου
1241 2091 1276 2133 Β
1315 2089 1383 2143 (cf.
1416 2090 1545 2134 Diod.
1579 2090 1664 2134 Sic.

109 2161 137 2202 l.
160 2160 265 2202 XVI
287 2160 356 2209 82)
381 2157 395 2213 ΙΙ
422 2161 473 2201 16
506 2147 585 2215 ἦρε
617 2171 646 2198 α
668 2171 678 2200 :
702 2153 792 2212 εἶρε
822 2158 858 2200 Β
880 2155 895 2212 ΙΙ
919 2160 973 2199 20
1004 2156 1158 2212 γαῦξις
1188 2172 1218 2199 α
1248 2174 1258 2201 :
1289 2157 1439 2214 γλύξις
1468 2159 1504 2201 Β
1528 2157 1542 2213 ΙΙ
1566 2157 1666 2201 δια-

109 2230 282 2282 βαίνειν
315 2240 344 2267 α
376 2241 386 2269 :
420 2221 634 2282 διάβορος
665 2227 700 2269 Β
737 2223 967 2281 (διάβορον
999 2225 1203 2279 Cobetus)
1240 2226 1255 2282 ΙΙ
1292 2229 1347 2270 22
1385 2228 1465 2270 τοῦ
1500 2227 1666 2281 χρυσοῦ

108 2298 261 2352 γένους
293 2310 322 2337 α
355 2311 364 2338 :
396 2297 486 2338 τῶν
518 2294 563 2338 ἐκ
593 2295 674 2337 τοῦ
700 2296 867 2350 χρυσοῦ
895 2297 1047 2351 γένους
1077 2296 1113 2338 Β
1139 2294 1151 2348 ΙΙ
1173 2298 1227 2338 23
1259 2294 1450 2351 περσεύς
1477 2309 1506 2336 α
1527 2310 1537 2338 :
1557 2312 1666 2351 ταρ-

110 2363 213 2415 σεῦς
244 2366 280 2408 Β
303 2363 318 2420 ΙΙ
342 2367 395 2408 29
429 2360 572 2418 δμιῦτ’
608 2377 637 2404 α
669 2378 678 2406 :
711 2359 873 2418 δμωίδ’
912 2365 946 2407 Β
978 2365 1046 2415 (cf.
1068 2365 1237 2409 Nauck.
1260 2364 1392 2420 Fraq.
1416 2365 1543 2419 Tray.
1568 2361 1666 2406 Gr.2

108 2449 180 2490 pg.
200 2435 299 2485 398)
324 2437 338 2485 ΙΙ
362 2435 412 2475 31
433 2435 693 2476 πανέστεων
716 2447 745 2473 α
767 2448 777 2475 2
800 2435 1079 2489 πενεστέρων
1096 2433 1153 2476 Β1
1171 2435 1439 2485 (πενέστεων
1456 2434 1490 2476 Β
1508 2432 1634 2486 corr.)
1653 2431 1666 2487 [Ι

111 2506 163 2546 35
187 2499 240 2558 ὅρ
263 2519 336 2545 τοι
361 2516 391 2542 α
413 2517 423 2544 x
444 2501 528 2558 γάρ
549 2518 622 2545 τοι
642 2503 678 2544 Β
701 2501 715 2557 ΙΙ
740 2504 793 2545 38
826 2499 956 2552 ἀξίας
977 2516 1006 2543 α
1028 2517 1039 2545 :
1060 2504 1137 2558 τῆς
1160 2497 1288 2554 ἆξίας
1309 2504 1344 2546 Β
1367 2502 1382 2558 ΙΙ
1405 2507 1460 2545 44
1490 2519 1581 2545 τινι
1602 2515 1631 2541 α
1653 2515 1663 2542 :

110 2585 203 2613 τισι
235 2572 268 2613 Β
292 2571 307 2625 ΙΙ
330 2566 440 2627 παρ’
477 2566 714 2627 ἂθηναίων
746 2584 775 2610 α
798 2586 807 2613 :
831 2569 945 2626 πρὸς
982 2566 1217 2628 ἆθηναίων
1249 2573 1283 2614 Β
1307 2570 1321 2626 ΙΙ
1345 2575 1398 2613 47
1429 2586 1485 2624 με
1517 2568 1565 2619 ἐξ
1586 2564 1664 2610 αὗ-

110 2640 191 2681 τοῦ
222 2653 251 2679 α
282 2654 292 2682 ;
323 2656 379 2694 με
410 2638 458 2691 ἐξ
488 2638 680 2695 ἐμαυτοῦ
711 2640 746 2683 Β
784 2639 798 2696 ΙΙ
836 2642 888 2683 48
921 2637 996 2683 ὅτε
1026 2638 1081 2683 τὰ
1114 2654 1143 2682 οι
1174 2656 1184 2683 :
1216 2637 1238 2683 ὁ
1271 2639 1327 2683 τὰ
1360 2640 1394 2683 Β
1418 2637 1432 2694 ΙΙ
1456 2641 1505 2682 51
1543 2632 1664 2682 ἀνεί-
