1861 3229
730 160 910 196 Analecta
933 159 1142 195 Laertiana.
1663 156 1717 195 83

169 266 554 330 εὐδοκιμησάντων
591 274 665 318 καὶ
704 276 791 318 τῶν
832 273 992 333 ἑκάστη
1032 273 1203 331 αἱρέσει
1244 268 1501 330 ἆρεσάντων
1533 272 1622 313 τῶν
1655 269 1718 321 εἰς

169 341 275 384 δέκα
295 339 345 384 τὸ
369 344 564 397 πρῶτον.
597 357 724 399 quam
757 349 969 389 corrector
999 345 1043 386 in
1074 343 1186 387 hunc
1208 343 1380 387 modum
1412 342 1715 386 commutavit:

167 414 229 453 A.
251 409 288 453 δ.
319 408 444 469 βί[οι]
477 412 550 455 καὶ
579 409 782 469 γνωμ[αι]
813 413 905 464 (sic)
943 412 1032 454 τῶν
1064 409 1109 454 ἐν
1141 427 1186 468 φ.
1218 407 1278 454 εὖ.
1310 411 1382 453 καὶ
1413 426 1451 453 τ.
1485 408 1517 452 ἕ.
1551 408 1639 465 αἱρ.
1673 402 1719 450 ἆ·

168 476 445 536 ρεσ[κό]ντων
476 482 564 524 τῶν
597 480 661 531 εἰς
692 480 796 523 δέκα
826 480 876 524 τὸ
910 481 1103 535 πρῶτον.
1163 481 1419 534 subscriptio
1458 480 1589 522 nulla.
1651 491 1715 521 re-

167 549 372 604 scriptum
405 562 500 592 esse
531 549 724 592 codicem
766 550 840 604 qui
879 549 1028 603 paullo
1069 548 1209 590 acrius
1250 548 1424 590 intuitus
1456 548 1558 598 erit,
1597 546 1716 589 facili

168 618 343 671 negotio
365 617 618 672 dispexerit.
650 618 862 671 scriptura
891 620 1035 659 autem
1067 620 1191 659 vetus
1214 640 1265 645 -
1290 619 1333 659 et
1362 616 1457 670 ipsa
1486 614 1715 658 minusculi

167 685 337 738 generis
365 706 422 712 —-
453 684 628 738 grandis
660 689 703 726 et
734 685 910 737 elegans
940 688 1030 726 erat
1061 695 1295 736 omnesque
1327 683 1487 724 saeculi
1518 682 1559 723 X
1591 686 1716 724 notas

167 751 327 796 referre
376 751 560 795 videtur.
620 752 785 795 litteras
832 765 887 795 ex
932 752 1058 796 lineis
1108 750 1370 807 pependisse
1414 748 1556 793 adhuc
1606 750 1715 792 bene

168 820 364 874 dignosci
399 823 553 873 potest.
614 820 775 875 scripta
815 824 936 862 erant
977 820 1078 863 olim
1121 821 1164 862 in
1204 819 1455 862 membrana
1494 816 1715 859 Plutarchi

169 888 379 943 opuscula
398 887 596 931 moralia.
627 888 803 932 alterius
824 888 991 933 librarii
1022 888 1234 945 scriptura
1265 887 1344 931 etsi
1365 886 1520 942 prioris
1541 885 1717 928 minime

168 956 425 1011 aequiparat
468 955 717 1010 artificium,
765 961 909 1001 tamen
953 958 1057 1001 satis
1102 957 1233 1011 plana
1278 960 1320 998 et
1359 955 1600 1009 aequabilis
1641 959 1716 997 est.

169 1037 297 1079 quam
321 1024 395 1079 qui
411 1024 558 1079 paullo
574 1025 776 1068 attentius
803 1025 1153 1080 consideraverit,
1173 1024 1329 1068 falsam
1348 1036 1443 1067 esse
1460 1022 1717 1066 sententiam

170 1104 315 1134 eorum
339 1093 413 1147 qui
453 1092 646 1137 codicem
678 1093 1011 1137 Laurentianum
1043 1094 1217 1137 saeculo
1248 1093 1336 1135 XII
1366 1097 1588 1136 exaratum
1621 1104 1717 1134 esse

170 1165 373 1203 censeant
393 1161 522 1204 facile
546 1161 627 1204 sibi
648 1162 938 1216 persuadebit.
969 1163 1157 1204 continet
1188 1162 1301 1204 enim
1332 1160 1409 1203 illa
1439 1160 1554 1203 haud
1577 1173 1717 1214 pauca

169 1241 281 1283 quae
311 1242 338 1271 a
367 1230 529 1273 saeculi
561 1229 806 1273 duodecimi
845 1230 1151 1274 consuetudine
1191 1230 1319 1285 plane
1358 1227 1619 1272 abhorreant
1649 1242 1712 1271 se-

168 1297 343 1351 riusque
360 1302 529 1352 tempus
552 1302 895 1341 commonstrent.
921 1298 1002 1341 huc
1023 1299 1126 1342 facit
1141 1298 1343 1352 frequens
1361 1297 1714 1351 compendiorum

172 1355 253 1418 Θ)
274 1366 395 1414 (sici)
416 1379 494 1420 pro
525 1381 572 1415 ος
594 1370 636 1409 et
666 1364 707 1414 ¹⁴3
737 1380 815 1420 pro
847 1381 920 1407 ναι
951 1379 1065 1417 usus,
1099 1365 1182 1409 huc
1212 1379 1304 1408 mos
1329 1366 1403 1408 ille
1426 1365 1714 1419 coniungendi

169 1438 370 1477 accentus
402 1434 748 1489 cum-spiritibus
780 1434 854 1489 qui
885 1447 1037 1477 vereor
1067 1437 1113 1476 ut
1143 1437 1241 1476 ante
1273 1434 1492 1476 saeculum
1514 1433 1621 1475 XIII
1653 1434 1714 1474 in-

168 1502 352 1544 valuerit
389 1502 460 1552 (cf.
502 1501 820 1545 Gardthauseni
875 1499 1045 1543 Grz'eclz.
1089 1500 1314 1554 Palaeoyr.
1358 1516 1428 1557 pg.
1472 1503 1554 1543 286
1595 1503 1717 1556 sqq).

169 1582 238 1613 me
268 1569 411 1613 iudice
430 1570 592 1613 Laertii
613 1570 946 1625 Cleomedisque
977 1574 1120 1614 textus
1150 1570 1295 1613 medio
1327 1583 1384 1614 sc.
1405 1570 1511 1613 XIII
1533 1572 1715 1625 scriptus

169 1642 246 1681 est.
307 1638 563 1693 compendia
592 1638 853 1681 adhibentur
883 1639 1148 1692 frequentius
1192 1651 1320 1693 quam
1352 1639 1395 1680 in
1427 1638 1648 1681 codicibus
1679 1640 1714 1681 B

170 1710 212 1749 et
233 1705 293 1762 V;
325 1707 551 1761 praeterea
582 1707 781 1750 librarius
814 1712 1028 1751 extremas
1050 1707 1279 1750 verborum
1306 1707 1497 1762 syllabas
1520 1708 1715 1750 omittere

167 1780 284 1818 amat
315 1778 366 1824 (e.
389 1789 450 1830 gr.
472 1776 493 1817 I
523 1778 548 1817 4
580 1773 829 1828 διακοσμῆσ
861 1771 907 1830 [s.
929 1775 956 1817 l.
982 1789 1036 1817 m.
1061 1777 1085 1816 2
1117 1775 1217 1818 add.
1252 1773 1335 1831 αι];
1366 1776 1386 1817 Ι
1418 1778 1442 1817 5
1475 1773 1588 1817 ἐκείν
1620 1772 1668 1831 [s.
1687 1776 1713 1818 l.

168 1857 223 1886 m.
247 1845 285 1886 2.
308 1843 409 1887 add.
442 1840 560 1899 οις]).
612 1843 785 1886 nomina
824 1844 1000 1897 propria
1036 1834 1211 1898 'saepius
1241 1845 1302 1886 uti
1339 1844 1381 1885 in
1413 1844 1562 1887 codice
1596 1847 1633 1885 B
1663 1845 1711 1887 li-

166 1912 295 1954 neola
337 1912 584 1965 suprapicta
628 1914 838 1952 notantur.
899 1912 1083 1953 itacismi
1124 1911 1322 1954 sordibus
1354 1911 1493 1954 codex
1523 1912 1711 1954 Lauren-

167 1979 308 2022 tianus
338 1979 507 2022 modice
538 1982 730 2032 turpatus
762 1981 838 2020 est.
891 1994 913 2018 ν
945 1975 1257 2033 ἐφελκυστικόν
1288 1979 1380 2022 sine
1411 1979 1498 2022 ullo
1531 1980 1711 2023 consilio

165 2047 352 2100 positum
398 2050 474 2088 est.
536 2061 551 2086 ι
591 2048 754 2086 mutum
797 2046 870 2088 ubi
915 2047 1143 2099 requiritur
1186 2047 1439 2101 plerumque
1484 2047 1628 2101 abest3
1676 2049 1711 2090 si

167 2114 338 2169 quando
359 2113 496 2167 adest,
518 2112 780 2166 adscriptum
803 2117 867 2156 est
887 2114 955 2163 (cf.
974 2115 1000 2156 l.
1019 2114 1054 2157 V
1073 2116 1125 2156 58
1147 2114 1229 2156 τῶι
1251 2138 1306 2143 -
1329 2113 1548 2156 δακτυλίω
1571 2112 1648 2171 [sic
1659 2113 1711 2172 Π).

166 2182 222 2226 de
242 2181 447 2238 prosodia
476 2186 604 2236 atque
637 2182 976 2237 interpunctIOne
1008 2182 1195 2237 denique
1227 2183 1342 2225 idem
1373 2183 1492 2226 valet
1520 2184 1636 2238 quod
1658 2186 1713 2228 de

166 2251 315 2295 codice
345 2250 553 2294 Vaticano
587 2251 708 2293 1302.

280 2319 625 2363 Oorrecturarum
669 2323 812 2362 autem
861 2319 1015 2373 quibus
1062 2319 1173 2362 liber
1218 2321 1530 2366 Laurentianus
1579 2328 1716 2367 scatet

165 2387 400 2432 admodum
432 2401 594 2444 paucae
625 2387 682 2431 ad
712 2388 852 2443 ipsum
883 2387 1104 2430 librarium
1136 2388 1330 2445 redeunt,
1373 2404 1469 2434 cum
1501 2391 1713 2447 plurimae

166 2457 394 2501 correctori
415 2454 507 2506 (L2)
529 2457 690 2499 saeculi
723 2461 768 2498 ut
796 2456 948 2510 opinor
967 2456 1071 2499 XIV
1094 2457 1332 2501 debeantur
1361 2460 1435 2513 qui
1464 2460 1713 2505 admirabili

166 2524 353 2582 quadam
365 2524 602 2580 pertinacia
612 2537 706 2567 cum
721 2524 920 2580 graviora
931 2537 1042 2580 quae
1055 2526 1326 2569 commiserat
1342 2526 1541 2571 librarius
1557 2532 1714 2575 menda

166 2595 271 2638 eluit
297 2599 385 2637 tum
407 2594 651 2637 innumeros
682 2595 865 2637 maiores
894 2594 1081 2637 minores
1103 2596 1307 2638 orationis
1332 2595 1474 2640 hiatus
1497 2611 1580 2653 ope
1601 2601 1713 2645 alius

165 2663 264 2706 libri
282 2662 487 2719 explevit.
518 2662 792 2706 rubricatoris
817 2675 991 2705 munere
1009 2662 1179 2706 videtur
1196 2663 1396 2707 librarius
1414 2664 1582 2712 functus
1605 2683 1713 2714 esse.

1389 2733 1439 2768 6*
