1861 3229
733 117 911 153 Analecta
935 116 1143 153 Laertiana.
1663 115 1716 153 87

283 235 321 278 A
342 234 448 278 folio
470 236 512 276 2¹
532 235 625 290 ipse
646 234 807 278 Laertii
828 239 1053 279 contextus
1074 235 1225 290 incipit
1249 234 1323 289 qui
1356 232 1467 276 hanc
1498 232 1539 274 in
1572 232 1711 275 fronte

171 304 282 359 gerit
311 304 649 360 inscriptionem:
680 305 911 358 Λαερτίου
934 301 1159 358 διογένους
1188 305 1283 357 βίοι
1314 301 1387 344 καὶ
1418 302 1594 357 γνῶμαι
1625 300 1715 341 τῶν

172 370 216 415 ἓν
238 372 490 431 φιλοσοφία
513 368 897 429 εὐδοκιμησάντων
917 372 992 414 καὶ
1012 372 1101 413 τῶν
1123 369 1283 428 ἑκάστη
1308 370 1481 426 αἱρέσει
1504 365 1713 426 ἀρεσκόν-

167 456 335 484 τωνε-
1466 474 1470 476 Δ

282 509 474 564 Scriptus
496 513 559 553 est
580 509 743 551 Laertii
774 509 884 551 liber
915 508 1082 551 duabus
1114 508 1329 551 manibus:
1364 522 1544 563 quarum
1577 508 1714 563 priori

170 574 260 628 (1³⁵)
297 578 507 621 debentur
543 575 616 620 fol.
658 579 841 630 11—951,
887 576 1014 619 alteri
1061 573 1151 627 (Pb)
1203 576 1277 618 fol.
1310 578 1545 618 95V—251v
1593 577 1715 619 cuius

167 646 378 700 scriptura
415 659 510 688 cum
547 645 783 687 litterarum
825 644 1024 687 ductibus
1063 648 1153 686 tum
1193 644 1340 697 paullo
1381 644 1560 687 clariore
1597 649 1710 687 atra·

166 714 298 757 menti
330 713 473 757 colore
503 725 531 755 a
559 711 702 767 priore
734 711 890 755 differt.

281 791 576 846 Subscriptum
608 795 674 834 est
702 791 813 834 libro
844 791 1065 834 Parisino:

694 873 926 925 Λαερτίου
963 869 1186 926 διογένους

550 937 816 996 φιλοσόφων
845 942 957 994 βίων
987 939 1061 981 καὶ
1093 937 1325 995 δογμάτων

469 1009 724 1064 συναγωγῆς
753 1009 843 1050 τῶν
874 1006 938 1058 εἷς
970 1007 1074 1050 δέκα
1106 1006 1384 1063 ἐπίκουροςε·

777 1074 1012 1130 ἐπίκουρος
1041 1074 1099 1131 Ji<

168 1156 209 1197 in
242 1156 443 1199 inferiore
473 1157 666 1212 margine
697 1158 777 1223 f⁰¹·.
803 1159 907 1199 251v
936 1157 1112 1211 legitur:

607 1233 808 1278 Ἰωάννου
837 1236 917 1277 τοῦ
949 1230 1272 1290 ἆργυροπόλου.

282 1326 501 1382 Scriptura
530 1328 750 1382 utriusque
771 1327 933 1370 librarii
957 1326 1164 1370 adcurata
1185 1330 1250 1369 est
1271 1330 1400 1381 atque
1421 1328 1711 1383 proprietates

166 1396 328 1439 saeculi
349 1396 456 1438 XIII
478 1397 714 1439 luculenter
733 1409 837 1450 prae
869 1408 915 1438 se
945 1395 1038 1437 fert.
1086 1394 1343 1449 compendia
1373 1400 1440 1437 sat
1468 1395 1712 1451 frequentia

168 1467 284 1507 sunt:
310 1464 353 1506 in
373 1464 520 1519 primis
541 1464 735 1518 syllabae
757 1467 977 1506 extremae
998 1463 1227 1505 verborum
1250 1463 1558 1517 compendiose
1580 1465 1710 1507 scribi

168 1533 317 1575 solent.
378 1538 602 1586 praeterea
640 1535 884 1574 constanter
922 1531 1231 1596 abbreviantur
1270 1533 1406 1586 φασί,
1448 1535 1581 1587 φησί,
1623 1536 1710 1584 καί,

168 1602 287 1654 περί,
319 1597 448 1655 πρός,
487 1595 629 1656 ἡμέρα
657 1595 764 1655 (ἡὶί),
796 1592 921 1656 ἥλιος
951 1589 1054 1651 (ὅ),
1087 1593 1287 1650 οὐρανός,
1321 1594 1581 1653 ἄνθρωπος,
1602 1601 1713 1650 θεός

168 1673 311 1732 cetera
355 1669 525 1712 similia.
592 1674 791 1712 accentus
837 1682 933 1711 cum
978 1667 1199 1722 spiritibus
1249 1681 1334 1710 non
1384 1669 1711 1723 coniunguntur.

167 1736 342 1792 spiritus
371 1749 498 1791 asper
529 1736 657 1779 modo
689 1735 800 1779 hanc
830 1734 1010 1779 formam
1043 1735 1174 1778 habet
1197 1740 1239 1790 ¹-,
1272 1736 1401 1780 modo
1427 1733 1585 1780 hanc‘.
1633 1738 1710 1780 ita-

166 1806 289 1850 cismi
323 1819 409 1848 non
447 1805 575 1848 nimis
614 1805 873 1859 frequentes.
936 1821 952 1846 ι
983 1809 1145 1847 mutum
1184 1806 1438 1860 plerumque
1479 1806 1709 1859 omittitur3

165 1886 313 1917 verum
331 1877 397 1917 est
412 1874 541 1917 etiam
564 1873 636 1916 ubi
657 1872 928 1916 adscribatur
947 1877 1020 1916 aut
1041 1873 1346 1916 subscribatur.
1378 1874 1488 1916 alter
1508 1873 1708 1916 librarius

166 1957 182 1982 ι
212 1954 382 1995 semper
412 1942 501 1984 fere
540 1942 715 1983 missum
754 1940 870 1983 fecit.
929 1957 952 1981 ν
984 1938 1297 1996 ἐφελκυστικόν
1327 1942 1433 1983 satis
1466 1946 1711 1984 constanter

164 2013 263 2052 ante
295 2008 468 2052 vocales
498 2008 684 2064 ponitur,
716 2012 815 2051 ante
837 2012 1119 2052 consonantes
1142 2008 1362 2051 omittitur.
1408 2008 1464 2051 ad
1496 2010 1710 2052 minora

164 2078 368 2122 orationis
390 2078 583 2121 membra
604 2076 908 2131 distinguenda
928 2081 1106 2132 uterque
1129 2078 1271 2121 scriba
1303 2092 1471 2121 comma
1500 2091 1709 2134 usurpare

164 2147 291 2202 solet,
330 2146 387 2189 ad
426 2145 634 2199 maiorja
671 2146 868 2188 librarius
904 2145 1022 2199 prior
1062 2151 1221 2200 puncto
1254 2160 1384 2201 supra
1415 2147 1575 2189 lineam
1609 2160 1708 2189 con-

163 2215 304 2258 locato
342 2215 490 2265 utitur,
536 2228 630 2258 cum
670 2215 778 2257 alter
817 2213 919 2255 bina
957 2219 1118 2268 puncta
1156 2212 1203 2267 (z)
1242 2214 1473 2270 praeferat.
1541 2216 1585 2257 in
1624 2214 1708 2257 fine

163 2284 351 2338 capitum
398 2283 639 2327 invenimus
685 2295 993 2337 saepenumero
1040 2283 1210 2337 signum
1257 2299 1339 2326 :—.
1415 2284 1710 2339 interrogandi

163 2351 332 2405 signum
362 2353 480 2407 prior
510 2352 651 2396 scriba
681 2351 852 2406 saepius
882 2350 1084 2394 adhibuit
1114 2354 1167 2403 (e.
1191 2366 1254 2406 gr.
1276 2351 1349 2395 fol.
1373 2355 1445 2395 4οΥ
1467 2367 1506 2396 v.
1532 2356 1608 2407 113
1639 2354 1712 2396 fol.

164 2422 238 2462 53v
268 2434 308 2462 v,
344 2422 395 2463 13
428 2425 470 2463 et
503 2423 583 2468 15).
643 2434 770 2475 porro
807 2420 945 2463 obelis
976 2420 1020 2462 in
1049 2421 1245 2475 margine
1277 2422 1430 2476 positis
1463 2424 1529 2473 (-
1567 2427 1608 2465 et
1638 2430 1710 2470 —:-)

163 2488 316 2544 quibus
333 2488 495 2532 similes
512 2488 555 2531 in
572 2488 771 2532 continuo
792 2488 933 2531 lineae
954 2488 1217 2545 respondent
1237 2490 1412 2543 gravius
1435 2490 1709 2533 interstitium

163 2557 280 2600 haud
310 2570 404 2600 raro
436 2557 674 2600 denotatur.
737 2569 886 2599 versus
926 2556 1058 2611 diplis
1098 2558 1281 2611 margini
1317 2557 1546 2611 adscriptis
1578 2559 1708 2612 signi-

162 2626 353 2670 ficantur.
433 2629 619 2669 ceterum
670 2624 727 2668 ad
778 2625 1167 2680 interpunctionem
1219 2624 1488 2669 efficiendam
1539 2631 1713 2681 praeter
