1861 3229
708 156 886 192 Analecta
909 154 1111 191 Laertiana.
1634 150 1687 188 93

140 272 231 316 κτλ.
271 286 407 328 usque
436 272 493 316 ad
523 269 573 314 τὸ
607 271 789 314 δέκατον
812 269 856 313 ἐν
878 265 915 312 ὦ
937 269 1171 324 ἐπίκουρος
1203 268 1430 316 νεοκλέους
1452 261 1688 322 ἆθηναῖος.

142 338 240 385 ἔστι
271 339 318 384 δὲ
338 338 454 398 πρὸς
472 338 647 391 τούτοις
666 340 740 384 καὶ
763 339 996 383 λουκιανοῦ
1018 335 1302 396 δημώνακτος
1333 337 1524 390 κυπρίου
1556 333 1689 392 φιλο-

142 408 299 466 σόφων
347 411 440 461 (sic)
484 413 596 464 βίος.
671 421 783 465 quae
826 422 905 452 sua
944 421 1075 451 manu
1115 406 1391 450 Theodorum
1431 405 1595 448 Gazam
1636 406 1688 454 (c.

145 477 446 534 1410—1478)
482 478 705 536 scripsisse
745 490 830 521 non
861 480 927 520 est
956 475 1073 532 quod
1103 474 1323 518 diffidatur
1353 474 1420 525 (cf.
1454 474 1585 518 etiam
1617 486 1686 517 co-

142 547 284 592 dicem
313 547 449 599 ΧΙΙΙ).
481 548 568 591 iam
599 560 694 590 cum
726 549 951 589 contextus
981 545 1082 587 libri
1113 544 1343 587 Burbonici
1374 543 1526 586 eadem
1557 555 1688 585 manu

141 616 404 671 perscriptus
425 616 481 659 sit
501 628 588 670 qua
608 615 692 658 ista
712 613 948 668 inscriptio,
971 624 1237 667 consequens
1259 616 1323 654 est
1342 615 1388 653 ut
1408 625 1435 653 a
1456 609 1686 654 Theodoro

141 683 287 728 Gazae
330 683 523 727 codicem
565 683 604 725 D
644 685 866 725 exaratum
906 693 1000 724 esse
1040 678 1324 730 statuamus2).
1391 680 1687 733 complectitur

141 756 286 795 autem
306 751 380 795 fol.
403 752 603 792 11—240v
623 750 784 793 Laertii
804 749 1014 803 Diogenis
1037 760 1145 802 opus
1174 747 1408 801 integrum
1439 747 1514 790 fol.
1531 749 1686 789 2411—

142 822 246 862 247v
255 819 436 863 Luciani
454 817 588 859 Vitam
604 816 891 858 Demonactz's.
921 817 965 859 in
981 817 1130 860 ultimo
1146 819 1289 859 autem
1306 816 1410 859 folio
1429 817 1564 865 (247')
1581 814 1689 858 haec

143 891 285 931 exstat
324 885 489 930 notula:
538 885 762 928 Antonii
804 884 1097 940 Seripandi
1143 897 1207 927 ex
1242 885 1361 927 Iani
1406 882 1689 926 Parrhasii

142 958 495 1008 testamento,
537 952 590 997 de
621 954 741 998 cuius
778 957 904 998 notae
935 967 1063 998 sensu
1094 952 1307 997 videndus
1349 952 1419 996 Fr.
1451 952 1589 1007 Vogel
1620 950 1688 995 ed.

142 1023 324 1068 Diodori
352 1021 465 1065 Bibl.
496 1022 630 1077 praef.
661 1036 732 1078 pg.
765 1023 814 1065 V.

257 1091 507 1135 Inscribitur
544 1090 706 1134 Laertii
745 1091 895 1134 folium
926 1090 1147 1145 princeps:
1201 1091 1432 1146 Λαερτίου
1465 1087 1689 1143 διογένους

140 1162 253 1214 βίων
283 1159 357 1201 καὶ
387 1159 573 1214 γνωμῶν
603 1159 690 1200 τῶν
722 1156 767 1200 ἐν
798 1158 1053 1215 φιλοσοφία
1084 1152 1471 1214 εὐδοκιμησάντων
1502 1156 1687 1199 καὶτῶν

144 1226 188 1270 ἐν
219 1222 379 1284 ἑκάστη
413 1226 584 1281 αἱρέσει
615 1222 869 1281 ἆρεσάντων
899 1228 987 1269 τῶν
1019 1225 1082 1276 εἷς
1114 1225 1219 1268 δέκα
1248 1224 1298 1268 τὸ
1333 1226 1526 1280 πρῶτον.
1588 1226 1684 1269 sub·

142 1296 342 1339 scribitur
372 1294 590 1338 contextui
620 1295 848 1348 Diogenis:
895 1293 1042 1343 τέλος·
1082 1294 1287 1348 λαερτίου
1321 1293 1544 1348 διογένους
1574 1295 1686 1346 βίων

144 1361 411 1420 φιλοσόφων
445 1363 533 1404 τῶν
565 1360 629 1412 εἰς
667 1361 771 1405 δέκα
811 1360 860 1404 τὸ
895 1361 1099 1405 δέκατον·
1134 1360 1281 1419 φύλλα
1318 1360 1380 1402 λα.
1446 1362 1586 1416 pictus
1623 1364 1689 1404 est

143 1432 254 1476 liber
274 1431 484 1475 laudabili
501 1444 596 1474 cum
606 1430 882 1475 adcuratione
899 1432 1195 1486 scripturaque
1208 1430 1450 1484 elegantiae
1465 1430 1597 1485 plena
1613 1433 1689 1472 est.

257 1500 550 1544 Correctorem
581 1499 721 1543 codex
751 1500 791 1541 D
821 1504 998 1543 nanctus
1029 1512 1113 1542 non
1145 1504 1221 1542 est.

256 1568 337 1620 XI)
368 1565 534 1611 Codex
553 1564 810 1611 Palatinus
820 1564 1107 1611 -Vaticanus
1138 1578 1210 1620 gr.
1230 1578 1309 1610 nr.
1330 1564 1420 1610 261
1443 1564 1529 1624 (S).
1568 1566 1689 1621 pagi-

142 1650 224 1681 nae
254 1649 455 1680 versuum
493 1641 591 1680 sunt
621 1638 689 1691 27,
729 1649 879 1680 versus
917 1636 1157 1680 litterarum
1189 1638 1372 1679 32-34.
1424 1636 1498 1679 fol.
1523 1635 1581 1678 Av
1611 1634 1689 1678 hos

143 1705 275 1748 habet
295 1705 487 1748 senarios
508 1728 562 1734 —
584 1710 774 1748 ceterum
804 1704 988 1748 diversis
1020 1705 1216 1748 manibus
1238 1709 1438 1747 exaratos
1459 1728 1515 1733 —
1536 1702 1689 1757 quibus

142 1772 290 1828 lepide
321 1773 432 1815 inter
462 1784 508 1815 se
539 1771 594 1815 de
625 1772 726 1814 libri
755 1772 1028 1827 possessione
1060 1772 1322 1816 contendunt
1343 1771 1521 1814 Carolus
1543 1771 1689 1814 nescio

142 1841 239 1896 quis
270 1845 313 1884 et
342 1841 538 1884 Musurus
568 1841 619 1891 (c.
655 1842 973 1892 1470—1517):

351 1908 505 1951 Φίλων
534 1902 632 1950 τόδ)
668 1905 788 1950 ἐστὶν
819 1902 870 1949 οὗ
900 1903 1039 1962 μόνου
1069 1906 1251 1962 Κάρλου
1282 1909 1413 1962 κτέαρ

348 1975 528 2030 Κάρλου
556 1970 655 2019 τόδ’
691 1971 769 2019 οὐκ
799 1971 892 2020 ἔστ’
928 1973 1042 2018 ἀλλὰ
1073 1974 1320 2031 Μουσύρου
1352 1977 1445 2028 (sie)
1476 1978 1606 2032 κτέαρ

349 2043 530 2100 Κάρλου
560 2041 658 2087 τόδ’
694 2042 814 2088 ἐστὶν
846 2039 941 2097 οὐχὶ
973 2043 1245 2100 Μουσούρου
1274 2047 1407 2098 κτέαρ

350 2111 530 2169 Κάρλου
560 2109 661 2156 τόδ’
697 2111 817 2156 ἐστὶν
847 2107 925 2169 ἠδὲ
956 2111 1230 2168 Μουσούρου
1260 2115 1392 2168 κτέαρ

354 2180 494 2238 Τύχης
522 2179 622 2224 τόδ’
657 2179 753 2225 ἐστὶ
781 2182 927 2237 κτῆμα
955 2182 1030 2224 καὶ
1060 2183 1149 2225 τῶν
1177 2184 1415 2238 χρωμένων

345 2245 470 2293 Ἀλλ’
507 2247 608 2293 οὔτε
637 2249 828 2306 Κάρλων
860 2246 961 2293 οὔτε
991 2249 1278 2305 Μουσούρων
1307 2253 1454 2307 κτέαρ.

144 2320 216 2364 fol.
246 2319 410 2363 B1f—(Jv
448 2320 665 2364 continent
701 2321 876 2364 brevem
915 2320 1102 2364 indicem
1139 2334 1286 2365 eorum
1325 2320 1691 2377 philosophorum

144 2401 324 2444 quorum
355 2388 471 2433 vitae
501 2387 618 2444 apud
647 2388 864 2433 Laertium
902 2393 1166 2433 enarrantur.
1205 2390 1278 2435 fol.
1310 2390 1367 2434 D¹
1398 2392 1540 2436 varias
1576 2392 1690 2447 quis-

145 2456 302 2512 quilias
333 2456 527 2499 exhibet:
557 2460 599 2508 a)
630 2458 734 2512 quid
765 2458 953 2500 omnium
983 2458 1201 2514 principes
1232 2459 1443 2504 Graeciae
1473 2461 1690 2515 sapientes

147 2525 509 2580 excogitaverint;
542 2525 584 2577 b)
615 2523 879 2581 Στράβωνος
910 2523 1102 2581 ἰατρικοὶ
1135 2525 1260 2583 λόγοι
1285 2522 1445 2571 Ἰνδῶν.
1494 2528 1567 2572 fol.
1595 2533 1690 2572 1¹—

263 2617 295 2658 1)
319 2614 501 2650 Theodori
533 2614 654 2650 Gazae
683 2624 794 2651 manu
825 2615 935 2652 etiam
964 2617 1056 2653 liber
1078 2616 1189 2653 Laut.
1214 2627 1266 2661 gr.
1291 2617 1383 2663 plut.
1409 2618 1552 2654 XXXII
1576 2629 1630 2654 nr.
1661 2622 1691 2655 1.

146 2672 372 2719 conscriptus
396 2674 452 2709 est
474 2672 557 2716 (vid.
585 2672 901 2710 Gardthausenum
925 2674 950 2712 l.
974 2675 999 2711 l.
1025 2686 1082 2722 pg.
1110 2678 1202 2720 339).
