1861 3229
707 143 885 180 Analecta
908 143 1115 180 Laertiana.
1606 144 1626 179 1
1636 146 1654 179 1
1662 143 1686 179 5

140 260 194 299 24
226 256 451 302 ἀντίποδα
481 274 509 314 γ
539 277 548 304 z
582 254 830 310 ἀντίποδας
862 260 1017 305 OUVB
1055 260 1070 315 ΙΙ
1105 263 1157 303 28
1196 258 1363 310 κωλιὰς
1392 273 1421 313 γ
1451 273 1461 301 :
1494 257 1688 308 σκωλιὰς

140 327 258 393 OJJV
295 328 472 383 κοχλίας
510 333 626 374 recte
661 329 695 373 B
733 327 747 386 ΙΙ
786 325 892 378 ὄὶῐῦἓ
931 332 1003 381 (=
1025 325 1288 385 ὂὶνθρωπος)
1317 342 1345 383 γ
1377 343 1387 371 :
1419 323 1531 372 ἅνόῖ
1569 325 1688 372 OUV

142 394 248 440 αὖον
278 403 393 442 recte
424 399 458 441 B
481 398 493 450 ss
520 402 568 442 31
609 393 721 440 ἀλλὰ
752 397 837 455 μὴν
867 412 896 451 γ
926 412 937 440 :
970 392 1083 439 ἀλλὰ
1115 398 1271 442 OUVB
1294 397 1308 453 ΙΙ
1333 400 1385 442 38
1417 394 1686 453 ὀργίζεσθαι

138 479 166 519 γ
198 480 207 508 :
239 460 465 522 ὠργίσθαι
495 465 672 511 OUVB1
695 464 710 522 ΙΙ
732 469 783 509 41
828 464 873 508 ἐν
902 461 1217 523 ἡφαιστιάδων
1247 480 1275 519 γ
1300 480 1308 506 :
1334 463 1377 508 ἐν
1409 464 1684 523 ἷφιστιάδων

138 537 231 590 (pro
260 533 304 577 ἐν
319 530 620 590 Ἰφιστιαδῶν)
653 535 809 579 OUVB
832 532 847 588 ΙΙ
870 537 925 576 44
955 534 1036 575 τοῦ
1059 533 1233 589 γηγενὲς
1253 548 1281 587 γ
1301 551 1310 577 :
1330 533 1505 591 γηγενὲς
1527 534 1683 579 OUVB

138 604 207 659 (γῆ
234 602 409 661 γηγενὲς
434 617 516 647 em.
546 603 774 647 Jacobsius
804 603 861 646 ad
891 600 1022 644 Anah.
1051 600 1150 643 Pal.
1175 602 1255 644 VII
1283 605 1351 654 62)
1375 601 1465 657 1160
1498 604 1615 657 expl.
1648 602 1682 643 F

137 676 221 715 ant.
254 685 368 727 pars.

251 740 318 783 Ex
340 739 406 784 his
429 753 532 784 vero
555 742 755 795 quattuor
776 738 997 784 codicibus
1020 736 1128 782 duos
1149 750 1322 794 prorsus
1352 738 1553 793 ablegare
1585 752 1681 793 pos-

138 821 283 852 sumus
314 831 369 837 —
400 807 496 851 dico
528 807 567 851 G
599 811 642 851 et
672 806 702 850 S
733 831 789 837 —
819 811 968 862 utpote
1005 819 1124 849 mera
1153 805 1408 861 apographa
1439 806 1599 850 codicis
1630 808 1681 848 D.

137 876 282 919 monui
303 876 389 918 iam
411 889 541 931 supra
561 877 648 931 (pg.
672 877 741 925 94)
772 875 905 919 libros
936 876 1041 919 istos
1071 876 1127 919 ab
1159 888 1243 919 uno
1275 875 1451 918 librario
1484 879 1683 918 exaratos

137 956 255 999 esse;
286 943 400 987 addo
423 943 495 987 hic
516 957 572 987 ex
592 957 676 987 uno
699 956 773 987 eos
796 944 1035 999 exemplari
1063 956 1157 987 esse
1189 957 1417 999 expressos
1449 957 1544 986 cum
1576 943 1684 986 alter

136 1013 312 1057 alterius
334 1017 421 1056 tam
442 1012 595 1056 similis
626 1012 682 1056 sit
713 1026 841 1068 quam
874 1012 947 1056 ovi
978 1025 1119 1056 ovum.
1170 1012 1360 1055 maxime
1391 1015 1533 1055 autem
1564 1015 1683 1055 nota-

135 1080 223 1125 bile
262 1085 327 1125 est
362 1081 477 1136 quod
517 1085 695 1136 uterque
734 1080 875 1125 codex
913 1080 1069 1123 librum
1109 1082 1282 1124 tertium
1321 1094 1407 1124 non
1443 1095 1471 1125 a
1501 1081 1683 1124 Platone

134 1149 392 1204 auspicatur,
415 1149 492 1193 sed
513 1153 662 1205 aperto
685 1162 826 1192 errore
847 1162 874 1192 a
894 1148 1176 1196 Theodoreis.
1219 1149 1364 1192 media
1385 1151 1499 1193 enim
1521 1151 1563 1192 in
1586 1152 1610 1200 ξ
1627 1152 1681 1192 97

134 1218 162 1261 l.
186 1217 229 1260 II
259 1216 367 1261 haec
396 1218 618 1273 inscriptio
650 1218 825 1273 legitur:
867 1217 1071 1273 λαερτίου
1104 1214 1329 1272 διογένους
1359 1218 1447 1262 τῶν
1480 1215 1544 1267 εἷς
1575 1216 1681 1259 δέκα

134 1284 183 1328 τὸ
208 1288 379 1340 τρίτονε
409 1284 692 1341 θεοδιόρειοι.
739 1286 852 1329 unde
874 1286 947 1340 qui
968 1285 1116 1328 tertius
1139 1288 1267 1340 volgo
1294 1292 1539 1330 numeratur
1570 1287 1680 1330 liber

134 1355 178 1397 in
201 1354 421 1398 codicibus
438 1354 475 1398 Gr
493 1354 523 1397 S
545 1354 808 1398 inscribitur:
834 1353 1039 1406 λαερτίου
1063 1351 1286 1408 διογένους
1306 1355 1394 1396 τῶν
1418 1353 1481 1404 εἰς
1504 1353 1607 1396 δέκα
1628 1352 1678 1396 τὸ

126 1424 416 1477 τέταρτονε
453 1421 649 1465 πλάτων.
710 1435 820 1477 quae
857 1422 1006 1465 turbae
1039 1422 1290 1466 coniunctae
1321 1436 1417 1466 cum
1453 1424 1679 1477 singulari-

132 1493 210 1535 bus
232 1490 488 1546 quibusdam
509 1491 675 1534 mendis
697 1494 749 1541 (e.
773 1504 835 1544 gr.
858 1490 879 1532 I
901 1491 954 1532 30
978 1483 1106 1530 οὔπω
1125 1489 1238 1533 DGS
1260 1504 1338 1544 pro
1363 1484 1478 1532 οῧτω
1500 1491 1678 1546 FUVB;

132 1563 184 1603 50
217 1557 424 1602 ἐνέπεσεν
445 1558 581 1602 Deus
613 1573 690 1614 pro
722 1557 882 1601 ἔπεσεν
903 1557 1079 1612 FUVB;
1110 1558 1153 1600 II
1175 1560 1227 1600 27
1259 1557 1442 1612 βιώσεις
1465 1559 1578 1603 DGS
1600 1573 1678 1615 pro

132 1626 286 1684 διαζῇς
325 1624 497 1683 [γενήσῃ
530 1627 564 1670 F
598 1625 751 1682 διαζῆς
790 1627 869 1671 UV
910 1623 1111 1681 διαζήσει
1149 1639 1242 1669 con.
1276 1641 1368 1671 cum
1412 1641 1502 1683 seq.
1536 1626 1574 1669 εἰ
1605 1625 1680 1682 B];

132 1699 184 1740 67
218 1692 314 1738 εἶνα
345 1695 458 1739 DGS
490 1709 567 1752 pro
600 1691 696 1738 εἶτα
728 1693 814 1747 [ἵνα
844 1691 913 1750 FJ)
946 1707 1041 1738 cum
1073 1695 1351 1739 consimiliter
1381 1697 1425 1739 in
1462 1696 1609 1740 codice
1641 1695 1681 1737 D

131 1766 204 1821 qui
242 1765 334 1809 sine
372 1763 504 1808 dubio
535 1768 677 1808 aetate
714 1765 847 1807 libros
879 1762 918 1807 Gr
948 1767 991 1806 et
1022 1762 1052 1805 S
1083 1767 1270 1819 superat,
1312 1771 1548 1821 occurrant,
1591 1778 1679 1808 am-

130 1835 306 1889 biguum
338 1846 433 1876 esse
463 1834 612 1888 nequit
643 1832 721 1877 hos
754 1846 809 1876 ex
840 1832 915 1875 illo
946 1833 1204 1876 manavisse.
1264 1834 1331 1877 cui
1354 1835 1546 1889 opinioni
1578 1834 1679 1876 inde

131 1902 247 1945 haud
278 1901 566 1955 spernendum
597 1900 766 1944 accedit
797 1899 1120 1953 firmamentum,
1153 1900 1268 1953 quod
1290 1915 1374 1943 non
1396 1914 1518 1944 secus
1546 1906 1677 1955 atque

129 1969 173 2012 in
206 1968 355 2012 codice
387 1968 424 2009 D
465 1968 509 2011 in
539 1968 649 2012 libro
681 1967 710 2011 S
753 1966 873 2022 operi
912 1966 1142 2010 Laertiano
1181 1967 1396 2012 adnexam
1436 1970 1677 2025 reperimus

129 2037 309 2080 Luciani
352 2036 482 2076 Vitam
527 2035 814 2077 Demonaem.
883 2034 1022 2076 codex
1066 2040 1209 2078 autem
1249 2037 1288 2078 D
1336 2049 1431 2079 cum
1477 2038 1679 2090 proxima

129 2119 225 2150 cum
247 2104 282 2147 F
304 2104 489 2148 societur
519 2103 787 2158 cognatione,
819 2105 963 2144 tamen
994 2114 1049 2145 ex
1080 2101 1163 2146 hoc
1193 2103 1433 2159 descriptus
1465 2117 1560 2148 esse
1591 2118 1678 2148 non

128 2178 271 2229 potest
291 2196 345 2203 —
367 2172 556 2215 continet
577 2172 690 2214 enim
712 2171 822 2214 liber
843 2170 878 2212 F
899 2183 984 2212 non
1015 2172 1134 2214 nulla
1154 2173 1311 2223 menda
1340 2179 1470 2228 atque
1500 2174 1678 2218 lacunas

129 2242 284 2297 quibus
314 2240 511 2284 immunis
543 2243 608 2283 est
637 2240 737 2283 libri
765 2239 804 2281 D
835 2239 1044 2282 memoria
1065 2262 1118 2268 —
1139 2245 1186 2283 ut
1215 2241 1271 2284 ad
1302 2255 1571 2286 communem
1604 2255 1679 2286 eos

127 2309 288 2353 fontem
321 2311 385 2363 (γ;
416 2309 511 2351 fort.
543 2309 705 2352 saeculi
736 2307 860 2358 XIII)
891 2308 1049 2350 reverti
1081 2309 1358 2353 iudicandum
1390 2311 1456 2354 sit.

243 2377 387 2419 Pauca
424 2375 657 2430 adiungam
699 2375 754 2418 de
795 2379 1083 2418 extremorum
1125 2379 1251 2421 trium
1291 2378 1496 2421 librorum
1532 2392 1675 2422 exem-

126 2445 260 2500 plaris
290 2457 319 2496 γ
347 2444 554 2487 memoria
592 2444 713 2487 cuius
749 2443 900 2485 unicus
941 2444 1061 2487 testis
1100 2445 1225 2490 adest
1263 2447 1373 2489 liber
1403 2446 1455 2488 D.
1517 2448 1675 2490 etenim

127 2526 181 2557 ne
212 2513 380 2567 longius
411 2524 522 2554 nunc
552 2523 642 2554 rem
683 2523 919 2566 persequar
957 2510 1179 2568 fusiusque
1220 2527 1452 2569 exponam,
1493 2514 1677 2568 impedit

127 2581 243 2637 quod.
282 2580 490 2624 adcurata
526 2580 771 2624 ultimorum
812 2577 974 2624 codicis
1005 2581 1040 2622 L
1071 2582 1277 2625 librorum
1316 2581 1423 2625 mihi
1460 2596 1546 2626 non
1577 2596 1676 2637 sup-

125 2651 236 2705 petit
266 2649 463 2694 conlatio.
516 2649 559 2691 in
590 2661 796 2704 praesens
827 2649 958 2703 igitur
989 2649 1092 2693 satis
1124 2649 1264 2694 habeo
1296 2649 1406 2694 haec
1436 2653 1677 2695 monuisse:

1352 2719 1399 2753 8*
