1861 3229
168 140 250 179 128
762 139 927 184 Edgarus
951 137 1112 173 Martini.

167 258 241 301 ubi
272 257 327 301 de
363 257 414 300 oi.
448 259 546 298 rest.
581 259 646 298 est
686 253 948 311 λογαοιδικιῦ
981 252 1266 309 (λογαοιδικῷ
1298 254 1348 305 L)
1371 253 1386 307 ΙΙ
1409 253 1447 295 V
1470 254 1494 295 8
1534 252 1715 309 φιλίους

167 326 260 367 P1B
292 340 301 367 z
338 323 470 379 φιλία
500 336 529 362 α
561 322 734 379 (φιλίου
766 324 815 374 L)
838 322 853 378 ΙΙ
876 325 900 365 9
932 324 1027 378 νίκη
1060 322 1153 364 P¹B
1185 339 1194 365 :
1226 320 1343 363 etl-nm
1367 322 1409 372 (i.
1433 334 1469 364 e.
1493 318 1631 377 σύκῳ)
1654 335 1683 361 α
1703 320 1715 377 Η

168 394 221 435 58
255 387 389 433 αὐτὸν
419 388 499 446 τὴν
533 388 696 448 σχολὴν
717 391 789 434 ΡΒ
821 407 831 435 :
864 385 997 433 αἰτοῦ
1027 388 1106 445 τὴν
1138 387 1298 445 σχολὴν
1330 402 1358 429 α
1381 387 1396 444 ΙΙ
1420 391 1468 433 81
1506 387 1659 431 ὁεκαέτ
1680 390 1713 432 Ρ

165 461 319 503 ὁεκαετ
341 461 374 503 Β
398 476 407 503 :
431 459 662 511 δεκαετίας
683 474 712 502 α
734 460 749 515 ΙΙ
773 453 1075 517 ἐκκληενορχἚ
1097 459 1131 502 Ρ
1163 456 1448 515 ἒκκληένορχα
1479 457 1514 500 Β
1536 474 1545 501 :
1569 456 1712 515 ἑκκλη·

165 532 242 572 σία
264 528 443 585 ἔνορχος
463 541 492 569 α
523 527 747 587 (ἐκκλησία
769 528 943 584 ἔνορκος
969 541 1074 572 corr.
1096 528 1347 577 Frobenius)
1372 525 1384 580 [1
1409 527 1462 568 86
1494 521 1714 569 κάλλιστά

165 614 213 640 τε
242 599 316 641 καὶ
348 596 455 640 τότε
487 593 650 653 ἄριστα
689 599 782 642 P¹B
814 614 823 641 :
854 595 1067 639 κάλλιστά
1107 612 1155 638 τε
1193 596 1264 638 καὶ
1308 591 1470 650 ἄριστα
1500 609 1529 635 α
1559 595 1629 646 (of.
1661 594 1711 637 R.

165 667 348 710 Hirzelii
378 667 406 709 l.
441 665 540 707 Der
560 666 719 721 Dialoy
750 668 833 711 vol.
856 667 876 709 I
896 680 965 722 pg.
988 668 1069 710 322
1090 670 1175 709 not.
1203 669 1238 708 1.
1271 677 1394 709 secus
1426 663 1590 707 iudicat
1605 663 1711 707 Vos-

166 736 254 778 sius
277 734 348 775 De
372 734 547 777 Heracl.
572 735 694 779 Pont.
726 737 795 778 vit.
827 742 866 776 ec
894 749 975 777 scr.
1006 733 1243 785 [Rostochii
1267 730 1390 789 1896]
1422 746 1493 788 pg.
1517 734 1571 774 20
1587 734 1711 786 sqq).

281 803 371 847 Sed
412 804 499 847 iam
540 805 834 848 subsistamus.
896 804 976 847 etsi
1016 816 1084 846 me
1129 803 1318 846 continui
1359 802 1486 845 iniis
1525 801 1643 843 vitiis
1683 801 1710 843 l.

165 871 282 915 I——V
303 872 552 916 adferendIS
578 886 688 928 quae
720 873 801 917 nisi
832 873 876 915 in
906 873 1085 916 testibus
1108 871 1179 914 BP
1201 896 1256 901 —-
1279 870 1360 914 huc
1390 868 1552 914 faciunt
1583 869 1712 912 etiam

166 941 206 983 ei
228 941 328 983 libri
352 956 458 996 quos
480 946 596 985 recto
619 943 771 984 itinere
792 956 820 984 a
839 943 873 984 P
894 940 1109 996 profectos
1131 953 1225 984 esse
1246 941 1357 983 infra
1388 939 1635 984 ostendetur
1655 962 1711 968 —

164 1022 250 1052 non
282 1010 565 1063 reperiantur,
607 1013 750 1051 tamen
791 1009 920 1051 valde
952 1022 1149 1062 magnam
1190 1009 1276 1050 vim
1319 1021 1394 1050 nos
1431 1019 1711 1050 coacervasse

164 1077 301 1120 vides.
334 1091 472 1131 neque
504 1078 579 1119 illa
600 1077 914 1129 convenientia,
946 1090 1056 1130 quae
1079 1076 1325 1130 ceteroquin
1347 1088 1483 1129 usque
1505 1075 1561 1117 ad
1582 1073 1709 1116 finem

160 1145 320 1186 Laertii
362 1146 504 1198 operis
548 1148 818 1198 perseverat,
858 1143 1096 1186 levidensis
1136 1148 1210 1185 aut
1248 1144 1425 1185 fortuita
1456 1147 1538 1194 est,
1579 1143 1710 1184 immo

160 1212 354 1254 intimam
386 1225 438 1255 ac
468 1211 757 1255 firmissimam
790 1212 981 1254 enuntiat
1012 1213 1232 1267 utriusque
1265 1212 1363 1255 libri
1395 1211 1709 1266 cognationem,

158 1279 269 1323 adeo
303 1285 346 1323 ut
376 1281 539 1336 ambigi
570 1285 758 1335 nequeat
788 1282 889 1335 quin
930 1295 1024 1324 cum
1057 1281 1223 1324 Dielsio
1255 1280 1525 1324 statuendum
1557 1279 1613 1322 sit
1642 1292 1710 1322 co-

160 1348 279 1391 dices
311 1349 382 1391 BP
415 1362 468 1391 ex
500 1350 716 1392 communi
749 1350 989 1404 exemplari
1019 1352 1331 1404 (nuncupemus
1363 1350 1401 1398 ε)
1432 1349 1550 1391 nullo
1582 1349 1709 1390 inter-

158 1417 338 1460 cedente
370 1417 608 1473 descriptos
641 1431 748 1461 esse.
799 1417 958 1461 addam
992 1417 1074 1461 hoc
1104 1431 1257 1472 unum,
1300 1418 1343 1460 in
1386 1418 1574 1461 externis
1606 1430 1707 1472 quo-

161 1500 245 1540 que
277 1487 405 1529 rebus
436 1487 669 1529 maximam
690 1487 801 1530 inter
832 1489 911 1531 hos
942 1487 1074 1530 libros
1096 1486 1361 1530 intercedere
1383 1486 1708 1530 similitudinem

161 1554 324 1609 quippe
356 1554 429 1609 qui
460 1555 541 1598 soli
563 1555 606 1597 in
628 1555 745 1599 calce
768 1555 909 1609 operis
931 1555 1150 1598 Laertiani
1173 1554 1284 1598 hanc
1306 1555 1494 1598 habeant
1515 1577 1569 1583 —
1592 1553 1709 1597 haud

160 1622 291 1665 dubie
336 1623 636 1677 perantiquam
677 1647 733 1653 ——
769 1623 1145 1678 subscriptionem:
1191 1625 1423 1677 Λαερτίου
1468 1625 1710 1678 Διογένους

159 1689 429 1747 φιλοσόφων
458 1693 571 1744 βίων
601 1692 675 1733 καὶ
708 1689 940 1747 δογμάτων
963 1692 1216 1746 συναγωγῆς
1247 1689 1518 1746 (συναγωγῆς
1539 1692 1590 1740 Β)
1621 1692 1709 1733 τῶν

159 1758 224 1809 εἰς
253 1763 274 1801 ἶ
299 1753 570 1813 Ἐπίκουρος.
631 1773 770 1814 neque
802 1760 978 1803 dubium
1009 1760 1181 1803 videtur
1219 1774 1314 1804 esse
1345 1761 1448 1815 quin
1480 1760 1608 1803 etiam
1640 1773 1708 1805 oo·

156 1826 243 1869 dex
274 1828 330 1882 B,
370 1832 601 1883 antequam
642 1829 783 1882 prima
821 1828 912 1871 eius
950 1828 1054 1870 folia
1093 1829 1403 1881 avellerentur,
1451 1828 1592 1871 indice
1633 1828 1708 1870 illo

155 1896 448 1939 vetustissimo
490 1896 715 1951 bonaeque
754 1894 888 1950 frugis
933 1896 1207 1951 plenissimo,
1256 1897 1328 1951 qui
1374 1896 1504 1940 hodie
1544 1900 1707 1939 tantum

153 1964 198 2006 in
237 1964 346 2007 libro
380 1965 414 2007 P
453 1979 537 2008 non
579 1965 796 2020 nullisque
828 1966 920 2009 eius
950 1964 1214 2021 apographis
1246 1969 1543 2019 conservatur,
1585 1977 1706 2019 prae·

152 2033 266 2075 ditus
318 2034 458 2075 fuerit.
534 2037 762 2088 praeterea
814 2038 993 2087 uterque
1043 2034 1183 2077 codex
1231 2035 1275 2076 in
1319 2035 1438 2078 calce
1482 2034 1581 2077 libri
1628 2033 1708 2076 VII

151 2101 289 2144 maius
321 2102 509 2155 spatium
547 2102 761 2156 scriptura
799 2114 983 2144 vacuum
1021 2102 1217 2145 relictum
1258 2101 1400 2157 habet,
1443 2113 1625 2156 cumque
1664 2101 1708 2143 in

151 2171 332 2212 testibus
372 2171 524 2213 classis
555 2183 584 2209 α
635 2171 774 2223 iisque
815 2170 1037 2213 codicibus
1077 2171 1151 2224 qui
1191 2183 1288 2213 cum
1320 2183 1371 2213 ea
1401 2171 1547 2224 aliquo
1578 2169 1707 2213 modo

152 2237 449 2280 contineantur
480 2239 507 2280 1.
530 2237 614 2280 VII
653 2237 826 2280 finiatur
856 2238 1000 2281 verbis
1040 2238 1146 2291 περὶ
1183 2238 1273 2279 τῶν
1306 2237 1565 2292 λεγομένων,
1598 2238 1641 2280 in
1674 2237 1708 2279 L

151 2304 263 2347 adeo
296 2305 519 2348 vocabulis
551 2303 631 2362 τὴν
662 2301 826 2361 ἡδονὴν
864 2300 1041 2360 ἀγαθὸν
1073 2297 1117 2357 ὅ,
1155 2307 1198 2348 in
1229 2306 1350 2349 libris
1381 2306 1453 2348 BP
1484 2310 1583 2361 post
1613 2318 1704 2348 ver-

154 2372 254 2415 bum
286 2372 535 2429 λεγομένων
567 2377 738 2418 exstant
769 2375 900 2418 etiam
931 2387 1062 2419 voces
1092 2369 1207 2428 ὑπὲρ
1238 2373 1328 2430 τῆς.

266 2442 355 2485 Sed
388 2443 476 2485 iam
499 2443 790 2486 sciscitantem
812 2449 853 2487 te
874 2443 1027 2487 audio:
1060 2442 1197 2498 quid?
1228 2444 1398 2486 tametsi
1420 2443 1707 2487 Burbonicum

150 2514 193 2551 et
231 2510 474 2554 Parisinum
516 2524 571 2554 ex
612 2511 766 2554 eodem
804 2511 921 2556 fonte
951 2513 1128 2556 fluxisse
1161 2525 1256 2555 cum
1294 2511 1460 2555 Dielsio
1491 2515 1705 2573 autumas,

151 2578 273 2619 illum
305 2580 414 2621 inter
445 2579 579 2622 libros
610 2592 766 2633 puros,
806 2579 917 2622 hunc
957 2580 1067 2623 inter
1105 2581 1264 2623 mixtos
1303 2579 1470 2623 refers?
1510 2578 1705 2632 profecto

154 2644 269 2688 haud
301 2651 449 2690 contra
488 2661 556 2691 res
599 2660 644 2691 se
683 2647 826 2691 habet.
887 2648 1128 2693 invenimus
1166 2648 1280 2693 enim
1320 2649 1431 2691 inter
1469 2645 1577 2690 vitia
1608 2658 1706 2688 con-
