1861 3229
135 180 216 218 140
735 178 903 224 Edgarus
926 177 1087 214 Martini.

138 296 327 350 (κλεῖσαι
365 296 469 350 Ρα);
509 294 535 336 1.
559 294 602 336 II
635 295 715 335 127
757 287 856 347 μετ’
902 287 1196 350 ἇσκλειπίόου
1248 292 1375 348 (μετὰ
1416 294 1692 340 κλειππίὸου

138 366 259 415 ΒΡα)
290 363 346 406 ad
378 376 540 405 meram
572 363 826 406 correctoris
856 361 1127 405 oscitantiam
1148 363 1456 417 levitatemque
1478 364 1571 408 sive
1592 378 1690 410 ocu-

137 434 271 476 lorum
306 430 614 473 hebetudinem
645 443 864 474 revocare.
917 430 1258 473 coniecturis
1279 434 1422 473 autem
1445 432 1583 475 virum
1617 433 1690 477 bo-

137 513 236 541 num
258 512 343 541 non
366 498 627 542 abstinuisse
649 503 695 541 ut
717 498 1005 554 comprobem,
1037 512 1168 541 unum
1199 498 1278 542 sed
1309 498 1452 542 nobile
1472 499 1691 554 adponam

136 567 396 620 exemplum.
459 566 528 607 1.1
552 569 603 608 57
645 567 689 608 in
731 570 932 609 contextu
970 566 1198 608 verborum
1238 564 1335 608 libri
1379 566 1414 607 L
1453 568 1691 612 rectissime

137 633 368 677 exhibetur
400 634 464 674 τιῦ
495 629 690 688 ἄρχοντι,
724 625 776 675 ἒν
807 630 990 687 μεθύων
1022 632 1198 691 ληφθῆ,
1230 631 1433 676 θάνατον
1466 630 1582 677 εἶναι
1611 633 1692 692 τὴν

137 700 323 758 §quiam
356 701 415 745 ad
449 716 562 757 quae
593 703 729 747 verba
760 703 814 745 L2
845 702 954 746 haec
984 703 1027 745 in
1059 703 1251 758 margine
1289 701 1536 747 adnotavit:
1580 702 1693 754 ἰ’σως

136 785 190 823 με
221 765 371 813 θύωνὲ
403 784 449 814 re
482 772 543 814 ita
574 775 821 826 comparata
859 770 967 813 nihil
1006 775 1071 814 est
1110 770 1225 826 quod
1264 769 1482 813 dubitetur
1517 772 1620 826 quin
1651 776 1694 815 et

139 838 381 893 singulares
414 839 620 883 lectiones
652 840 679 881 l.
703 839 743 881 11
769 841 848 882 139
884 836 986 895 ῥοιὰ
1020 844 1062 883 et
1092 839 1252 882 1.1112
1300 836 1606 894 ἐπιτυγχάνειν
1637 852 1692 883 ex

136 907 277 959 ipsius
313 907 567 949 correctoris
599 906 773 949 officina
803 907 1053 960 prodierint.

258 972 381 1025 Quae
413 987 508 1016 cum
539 974 599 1016 ita
630 973 726 1027 sint,
760 973 867 1015 nihil
889 974 1072 1028 impedit
1101 987 1185 1029 quo
1215 974 1356 1017 minus
1378 974 1532 1017 librum
1552 975 1588 1018 L
1610 988 1694 1030 ope

138 1041 303 1084 codicis
336 1042 369 1083 P
401 1042 471 1084 vel
505 1042 767 1094 exemplaris
799 1054 853 1083 ex
894 1055 945 1084 eo
984 1046 1083 1084 ante
1119 1055 1270 1084 manus
1297 1042 1353 1083 P4
1385 1043 1694 1086 correctionem

139 1109 316 1153 deducti
349 1112 586 1153 correctum
619 1121 714 1152 esse
745 1109 1010 1152 arbitremur.

691 1259 729 1297 3.
763 1256 834 1299 De
866 1256 1053 1300 codice
1085 1257 1136 1299 Τ.

252 1346 501 1389 Proximum
553 1351 639 1401 est,
694 1351 740 1388 ut
788 1346 843 1389 de
892 1347 1040 1390 codice
1089 1347 1126 1388 Τ
1168 1347 1376 1390 dicamus.
1451 1347 1696 1391 inscribitur

136 1419 199 1455 A.
220 1417 270 1455 A.
310 1417 422 1467 βίων
462 1415 537 1456 καὶ
576 1415 763 1468 γνωμῶν
802 1415 892 1455 τῶν
935 1412 980 1454 έν
1019 1414 1276 1470 φιλοσοφία
1308 1409 1695 1471 εὐδοκιμησάντων

137 1482 213 1524 καὶ
244 1482 334 1523 τιῦν
368 1479 421 1523 ἐν
454 1478 613 1537 ἑκάστη
648 1480 819 1535 αἱρέσει
852 1478 1110 1536 ἀρεσάντων
1140 1482 1230 1524 τῶν
1253 1479 1316 1531 εἰς
1349 1480 1453 1523 δέκα
1483 1480 1533 1524 τὸ
1567 1483 1695 1537 πριῦ-

138 1565 237 1592 vor:
279 1563 389 1603 quae
422 1550 643 1603 inscriptio
674 1563 769 1592 cum
802 1551 979 1604 propria
1009 1552 1064 1593 sit
1094 1551 1301 1593 librorum
1337 1550 1488 1593 classis
1517 1563 1565 1604 a,
1608 1551 1694 1595 dis-

140 1616 400 1672 quirendum
432 1621 498 1659 est
528 1630 741 1671 quaenam
782 1618 891 1660 ratio
933 1618 1043 1660 inter
1074 1617 1153 1661 hos
1193 1622 1235 1660 et
1273 1617 1467 1660 codicem
1498 1619 1536 1661 Τ
1566 1619 1694 1663 inter-

140 1684 279 1728 cedat.
337 1685 520 1727 conlatis
543 1689 686 1727 autem
710 1684 836 1728 huius
859 1685 1023 1728 codicis
1053 1685 1176 1728 libris
1206 1685 1227 1726 I
1247 1685 1290 1726 II
1311 1685 1372 1726 ΙΙΙ
1402 1698 1568 1729 summa
1597 1700 1695 1729 eum

140 1753 399 1807 cognatione
431 1766 526 1795 cum
568 1750 737 1795 familia
769 1765 797 1804 γ
838 1752 1045 1796 contineri
1081 1751 1262 1808 pervidi.
1323 1753 1541 1807 conspirat
1579 1754 1693 1797 enim

140 1834 235 1864 cum
269 1820 352 1863 hac
384 1821 426 1862 in
459 1819 524 1863 his
557 1820 772 1863 erroribus
805 1821 872 1870 (cf.
896 1822 982 1863 tab.
1005 1820 1039 1862 B
1071 1825 1113 1863 et
1142 1834 1213 1874 pg.
1249 1821 1365 1869 121):

796 1968 966 2010 Tabula
996 1968 1030 2008 1.

250 2060 318 2102 15
350 2057 422 2100 καὶ
455 2058 519 2099 ruff
550 2058 629 2115 τῆς
661 2058 814 2115 φωνῆς
845 2059 912 2110 Τγ
942 2074 951 2101 ;
982 2059 1046 2099 τιῦ
1085 2058 1163 2114 τῆς
1201 2058 1353 2115 φωνῆς
1392 2057 1462 2100 Bd
1478 2056 1493 2113 ΙΙ
1520 2060 1570 2102 13
1613 2057 1696 2101 ἰ’ων

137 2117 300 2183 fiat—89
330 2124 624 2182 καθηγήσατο
657 2127 725 2178 Τγ
754 2141 763 2168 :
795 2124 878 2167 ἰ’ων
910 2118 1320 2183 ὢν-καθηγήσατο
1347 2126 1418 2168 Bd
1434 2124 1449 2180 ΙΙ
1475 2128 1528 2167 14
1557 2142 1694 2168 κατα-

136 2194 231 2238 λύει
263 2196 331 2248 Τγ
363 2211 371 2238 :
404 2192 646 2252 καταλήγει
676 2192 855 2249 1361120
889 2193 1062 2249 αἵρεσιν
1101 2193 1181 2248 μὲν
1212 2192 1295 2250 γὰρ
1327 2195 1394 2247 Ty
1415 2210 1425 2237 :
1450 2192 1623 2249 αἵρεσιν
1646 2193 1693 2237 δὲ

135 2263 236 2316 Bdn
259 2265 309 2304 21
354 2259 445 2304 ὑπὸ
488 2260 696 2316 τάμωνος
738 2263 806 2315 Τγ
837 2278 846 2305 :
878 2256 967 2304 ὑπὸ
1010 2262 1282 2315 ποτάμωνος
1319 2263 1387 2304 Bd
1414 2262 1429 2315 ΙΙ
1452 2265 1506 2304 24
1537 2260 1694 2304 κύκλον

134 2331 207 2372 καὶ
241 2332 308 2383 Τγ
340 2346 349 2373 z
380 2326 540 2371 κύκλου
571 2334 688 2373 recte
720 2330 756 2372 B
787 2324 942 2372 κύκλον
974 2331 1014 2374 U
1050 2330 1200 2372 κίκλου
1237 2329 1396 2384 βίβλου
1427 2330 1465 2372 V
1487 2328 1502 2384 ΙΙ
1526 2332 1578 2372 32
1620 2327 1694 2383 έμ-

134 2401 299 2442 πίπτει
340 2399 407 2452 Τγ
438 2413 447 2441 :
481 2395 694 2440 ἐκπίπτει
737 2398 807 2441 Bd
824 2397 839 2452 ΙΙ
863 2401 916 2442 35
956 2396 1151 2453 μάστευε
1182 2398 1249 2451 Ty
1279 2413 1289 2441 z
1320 2396 1485 2452 μάτευε
1515 2398 1585 2441 Bd
1601 2398 1615 2452 ΙΙ
1639 2399 1696 2441 38

134 2467 181 2510 δὲ
214 2466 292 2510 ἐπὶ
325 2469 393 2520 Ty
413 2483 423 2510 ε
445 2464 530 2521 γὰρ
563 2464 640 2509 ἐπὶ
673 2467 773 2523 Bdu
798 2471 850 2509 40
884 2465 1143 2510 ἐπιθέσθαι
1174 2464 1389 2523 ποιητικὰ
1423 2463 1445 2508 ὃ
1474 2468 1569 2520 Ty:
1593 2466 1694 2509 ἐπι-

134 2538 311 2579 θέσθαι
352 2535 591 2593 ποιητικῆς
621 2536 657 2578 Β
701 2534 787 2593 ἕπη
830 2536 1009 2577 θέσθαι
1045 2531 1260 2593 ποιητικὰ
1299 2530 1321 2577 ὃ
1363 2536 1394 2576 d
1420 2532 1695 2587 (ἐπιθέσθαι

135 2606 360 2661 ποιητικῇ·
380 2601 402 2646 ὃ
419 2605 474 2648 de
492 2606 544 2649 ei.
563 2604 641 2658 G2)
665 2603 679 2659 ΙΙ
704 2607 758 2647 46
781 2600 1206 2662 ἀμφισβητουμένης
1224 2601 1433 2660 δηλονότι
1452 2605 1532 2658 τῆς
1554 2604 1694 2645 σαλα-

134 2679 262 2725 μῑνος
283 2674 350 2726 Τγ
373 2670 483 2729 [exc.
500 2673 534 2715 F
552 2674 624 2728 qui
649 2673 730 2717 hoc
752 2674 845 2718 loco
868 2670 1060 2727 mancus]
1081 2688 1090 2716 :
1109 2672 1355 2727 σαλαμῖνος
1377 2665 1694 2729 ἀμφισβητου-
