<?xml version="1.0" encoding="UTF-8"?>
<!DOCTYPE html PUBLIC "-//W3C//DTD XHTML 1.0 Transitional//EN"
    "http://www.w3.org/TR/xhtml1/DTD/xhtml1-transitional.dtd">
<html xmlns="http://www.w3.org/1999/xhtml" xml:lang="en" lang="en">
 <head>
  <title>
</title>
<meta http-equiv="Content-Type" content="text/html;charset=utf-8" />
  <meta name='ocr-system' content='tesseract 3.04.00' />
  <meta name='ocr-capabilities' content='ocr_page ocr_carea ocr_par ocr_line ocrx_word'/>
</head>
<body>
  <div class='ocr_page' id='page_1' title='image "4627071_0113.png"; bbox 0 0 1861 3229; ppageno 0'>
   <div class='ocr_carea' id='block_1_1' title="bbox 701 138 1672 185">
    <p class='ocr_par' dir='ltr' id='par_1_1' title="bbox 701 138 1672 185">
     <span class='ocr_line' id='line_1_1' title="bbox 701 138 1672 185; baseline -0.009 0"><span class='ocrx_word' id='word_1_1' title='bbox 701 148 876 185; x_wconf 80' lang='lat' dir='ltr'><strong>Analecta</strong></span> <span class='ocrx_word' id='word_1_2' title='bbox 900 145 1107 182; x_wconf 78' lang='lat' dir='ltr'><strong>Laertiana.</strong></span> <span class='ocrx_word' id='word_1_3' title='bbox 1592 141 1612 176; x_wconf 84' lang='lat'>1</span> <span class='ocrx_word' id='word_1_4' title='bbox 1622 140 1642 176; x_wconf 80' lang='lat'><strong>7</strong></span> <span class='ocrx_word' id='word_1_5' title='bbox 1649 138 1672 176; x_wconf 82' lang='lat'>5</span> 
     </span>
    </p>
   </div>
   <div class='ocr_carea' id='block_1_2' title="bbox 133 252 1687 1813">
    <p class='ocr_par' dir='ltr' id='par_1_2' title="bbox 133 252 1681 1139">
     <span class='ocr_line' id='line_1_2' title="bbox 133 252 1675 318; baseline -0.013 -5"><span class='ocrx_word' id='word_1_6' title='bbox 133 281 226 312; x_wconf 89' lang='lat' dir='ltr'><strong>rum</strong></span> <span class='ocrx_word' id='word_1_7' title='bbox 247 267 330 311; x_wconf 91' lang='lat' dir='ltr'><strong>MA</strong></span> <span class='ocrx_word' id='word_1_8' title='bbox 351 266 629 311; x_wconf 86' lang='lat' dir='ltr'><strong>simillimam.</strong></span> <span class='ocrx_word' id='word_1_9' title='bbox 672 277 770 308; x_wconf 91' lang='lat' dir='ltr'><strong>nam</strong></span> <span class='ocrx_word' id='word_1_10' title='bbox 790 266 1095 318; x_wconf 79' lang='lat' dir='ltr'><strong>praeterquam</strong></span> <span class='ocrx_word' id='word_1_11' title='bbox 1127 256 1244 313; x_wconf 89' lang='lat' dir='ltr'><strong>quod</strong></span> <span class='ocrx_word' id='word_1_12' title='bbox 1274 256 1300 299; x_wconf 92' lang='lat'><strong>1.</strong></span> <span class='ocrx_word' id='word_1_13' title='bbox 1323 256 1344 298; x_wconf 95' lang='lat' dir='ltr'>I</span> <span class='ocrx_word' id='word_1_14' title='bbox 1376 257 1399 298; x_wconf 87' lang='lat'>8</span> <span class='ocrx_word' id='word_1_15' title='bbox 1424 252 1675 309; x_wconf 79' lang='grc' dir='ltr'><em>ζωάστρην;</em></span> 
     </span>
     <span class='ocr_line' id='line_1_3' title="bbox 134 318 1676 392; baseline -0.011 -12"><span class='ocrx_word' id='word_1_16' title='bbox 134 340 186 380; x_wconf 89' lang='grc'><strong>75</strong></span> <span class='ocrx_word' id='word_1_17' title='bbox 234 331 641 392; x_wconf 76' lang='grc' dir='ltr'><em>ἆποτεγανόμενος;</em></span> <span class='ocrx_word' id='word_1_18' title='bbox 681 332 745 376; x_wconf 94' lang='lat' dir='ltr'><strong>III</strong></span> <span class='ocrx_word' id='word_1_19' title='bbox 791 334 843 374; x_wconf 88' lang='lat'><strong>55</strong></span> <span class='ocrx_word' id='word_1_20' title='bbox 886 329 960 372; x_wconf 85' lang='grc' dir='ltr'><strong>καὶ</strong></span> <span class='ocrx_word' id='word_1_21' title='bbox 1006 326 1049 370; x_wconf 80' lang='grc' dir='ltr'><strong>οἱ</strong></span> <span class='ocrx_word' id='word_1_22' title='bbox 1097 324 1163 380; x_wconf 77' lang='grc' dir='ltr'><strong>ἒκ;</strong></span> <span class='ocrx_word' id='word_1_23' title='bbox 1214 324 1276 367; x_wconf 88' lang='lat' dir='ltr'><strong>IV</strong></span> <span class='ocrx_word' id='word_1_24' title='bbox 1321 326 1345 366; x_wconf 88' lang='grc'>6</span> <span class='ocrx_word' id='word_1_25' title='bbox 1394 318 1676 380; x_wconf 74' lang='grc' dir='ltr'><em>ἆγαθόνορος</em></span> 
     </span>
     <span class='ocr_line' id='line_1_4' title="bbox 133 388 1675 461; baseline -0.011 -11"><span class='ocrx_word' id='word_1_26' title='bbox 133 406 303 461; x_wconf 84' lang='lat' dir='ltr'><strong>promit,</strong></span> <span class='ocrx_word' id='word_1_27' title='bbox 342 405 369 448; x_wconf 90' lang='lat' dir='ltr'><strong>l.</strong></span> <span class='ocrx_word' id='word_1_28' title='bbox 401 405 421 447; x_wconf 96' lang='lat' dir='ltr'>I</span> <span class='ocrx_word' id='word_1_29' title='bbox 452 407 504 447; x_wconf 87' lang='lat'><strong>97</strong></span> <span class='ocrx_word' id='word_1_30' title='bbox 545 416 641 447; x_wconf 89' lang='lat' dir='ltr'><strong>cum</strong></span> <span class='ocrx_word' id='word_1_31' title='bbox 671 402 767 445; x_wconf 90' lang='lat' dir='ltr'><strong>unis</strong></span> <span class='ocrx_word' id='word_1_32' title='bbox 807 398 1028 444; x_wconf 82' lang='lat' dir='ltr'><strong>codicibus</strong></span> <span class='ocrx_word' id='word_1_33' title='bbox 1059 395 1141 438; x_wconf 88' lang='lat' dir='ltr'><strong>MA</strong></span> <span class='ocrx_word' id='word_1_34' title='bbox 1174 398 1273 450; x_wconf 90' lang='lat' dir='ltr'><strong>post</strong></span> <span class='ocrx_word' id='word_1_35' title='bbox 1311 406 1462 438; x_wconf 88' lang='lat' dir='ltr'><strong>vocem</strong></span> <span class='ocrx_word' id='word_1_36' title='bbox 1494 388 1675 447; x_wconf 83' lang='grc' dir='ltr'><strong><em>αἰσχρόν</em></strong></span> 
     </span>
     <span class='ocr_line' id='line_1_5' title="bbox 134 462 1675 530; baseline -0.01 -12"><span class='ocrx_word' id='word_1_37' title='bbox 134 473 319 530; x_wconf 86' lang='lat' dir='ltr'><strong>spatium</strong></span> <span class='ocrx_word' id='word_1_38' title='bbox 349 473 480 516; x_wconf 91' lang='lat' dir='ltr'><strong>habet</strong></span> <span class='ocrx_word' id='word_1_39' title='bbox 517 484 700 514; x_wconf 88' lang='lat' dir='ltr'><strong>vacuum</strong></span> <span class='ocrx_word' id='word_1_40' title='bbox 730 471 755 511; x_wconf 92' lang='lat'>9</span> <span class='ocrx_word' id='word_1_41' title='bbox 786 469 1047 519; x_wconf 84' lang='lat' dir='ltr'><strong>litterarum,</strong></span> <span class='ocrx_word' id='word_1_42' title='bbox 1089 465 1149 506; x_wconf 86' lang='lat' dir='ltr'><strong>ita</strong></span> <span class='ocrx_word' id='word_1_43' title='bbox 1187 467 1233 506; x_wconf 90' lang='lat' dir='ltr'><strong>ut</strong></span> <span class='ocrx_word' id='word_1_44' title='bbox 1263 462 1344 506; x_wconf 90' lang='lat' dir='ltr'><strong>hoc</strong></span> <span class='ocrx_word' id='word_1_45' title='bbox 1375 463 1514 506; x_wconf 89' lang='lat' dir='ltr'><strong>solum</strong></span> <span class='ocrx_word' id='word_1_46' title='bbox 1545 472 1675 515; x_wconf 88' lang='lat' dir='ltr'><strong>quae-</strong></span> 
     </span>
     <span class='ocr_line' id='line_1_6' title="bbox 133 528 1675 586; baseline -0.011 0"><span class='ocrx_word' id='word_1_47' title='bbox 133 546 250 586; x_wconf 87' lang='lat' dir='ltr'><strong>ratur</strong></span> <span class='ocrx_word' id='word_1_48' title='bbox 289 554 344 586; x_wconf 92' lang='lat' dir='ltr'><strong>ex</strong></span> <span class='ocrx_word' id='word_1_49' title='bbox 381 541 492 583; x_wconf 89' lang='lat' dir='ltr'><strong>libro</strong></span> <span class='ocrx_word' id='word_1_50' title='bbox 527 539 570 582; x_wconf 94' lang='lat' dir='ltr'>M</span> <span class='ocrx_word' id='word_1_51' title='bbox 606 552 661 581; x_wconf 91' lang='lat' dir='ltr'><strong>an</strong></span> <span class='ocrx_word' id='word_1_52' title='bbox 698 551 753 580; x_wconf 92' lang='lat' dir='ltr'><strong>ex</strong></span> <span class='ocrx_word' id='word_1_53' title='bbox 793 535 941 580; x_wconf 90' lang='lat' dir='ltr'><strong>codice</strong></span> <span class='ocrx_word' id='word_1_54' title='bbox 978 533 1017 575; x_wconf 94' lang='lat' dir='ltr'>A</span> <span class='ocrx_word' id='word_1_55' title='bbox 1052 531 1291 586; x_wconf 86' lang='lat' dir='ltr'><strong>descriptus</strong></span> <span class='ocrx_word' id='word_1_56' title='bbox 1329 543 1423 574; x_wconf 84' lang='lat' dir='ltr'><strong>esse</strong></span> <span class='ocrx_word' id='word_1_57' title='bbox 1462 528 1675 572; x_wconf 88' lang='lat' dir='ltr'><strong>videatur.</strong></span> 
     </span>
     <span class='ocr_line' id='line_1_7' title="bbox 133 597 1674 665; baseline -0.011 -11"><span class='ocrx_word' id='word_1_58' title='bbox 133 611 177 653; x_wconf 91' lang='lat' dir='ltr'><strong>in</strong></span> <span class='ocrx_word' id='word_1_59' title='bbox 208 623 293 665; x_wconf 87' lang='lat' dir='ltr'><strong>qua</strong></span> <span class='ocrx_word' id='word_1_60' title='bbox 323 608 574 663; x_wconf 80' lang='lat' dir='ltr'><strong>quaestione</strong></span> <span class='ocrx_word' id='word_1_61' title='bbox 605 609 867 649; x_wconf 90' lang='lat' dir='ltr'><strong>momentum</strong></span> <span class='ocrx_word' id='word_1_62' title='bbox 897 602 1001 646; x_wconf 89' lang='lat' dir='ltr'><strong>facit</strong></span> <span class='ocrx_word' id='word_1_63' title='bbox 1032 600 1148 655; x_wconf 87' lang='lat' dir='ltr'><strong>quod</strong></span> <span class='ocrx_word' id='word_1_64' title='bbox 1177 601 1205 642; x_wconf 95' lang='lat' dir='ltr'><strong>l.</strong></span> <span class='ocrx_word' id='word_1_65' title='bbox 1227 600 1248 642; x_wconf 96' lang='lat' dir='ltr'>I</span> <span class='ocrx_word' id='word_1_66' title='bbox 1270 602 1321 641; x_wconf 89' lang='lat'><strong>10</strong></span> <span class='ocrx_word' id='word_1_67' title='bbox 1345 597 1432 649; x_wconf 83' lang='grc' dir='ltr'><strong>ζῶα</strong></span> <span class='ocrx_word' id='word_1_68' title='bbox 1454 603 1674 650; x_wconf 81' lang='grc' dir='ltr'><em>παντοῐα;</em></span> 
     </span>
     <span class='ocr_line' id='line_1_8' title="bbox 134 660 1677 733; baseline -0.01 -11"><span class='ocrx_word' id='word_1_69' title='bbox 134 680 161 722; x_wconf 95' lang='lat' dir='ltr'><strong>l.</strong></span> <span class='ocrx_word' id='word_1_70' title='bbox 192 678 214 721; x_wconf 97' lang='lat' dir='ltr'>I</span> <span class='ocrx_word' id='word_1_71' title='bbox 245 680 296 721; x_wconf 87' lang='grc'><strong>89</strong></span> <span class='ocrx_word' id='word_1_72' title='bbox 329 671 437 733; x_wconf 68' lang='grc' dir='ltr'><strong>ὄφρ’</strong></span> <span class='ocrx_word' id='word_1_73' title='bbox 474 667 527 717; x_wconf 65' lang='grc' dir='ltr'><strong>ἂν</strong></span> <span class='ocrx_word' id='word_1_74' title='bbox 557 668 674 727; x_wconf 64' lang='grc' dir='ltr'><em>ὕδωρ</em></span> <span class='ocrx_word' id='word_1_75' title='bbox 705 688 753 714; x_wconf 79' lang='grc' dir='ltr'><strong>τε</strong></span> <span class='ocrx_word' id='word_1_76' title='bbox 785 666 888 728; x_wconf 78' lang='grc' dir='ltr'><strong>νᾰη;</strong></span> <span class='ocrx_word' id='word_1_77' title='bbox 929 671 956 713; x_wconf 91' lang='grc'><strong>1.</strong></span> <span class='ocrx_word' id='word_1_78' title='bbox 988 669 1053 712; x_wconf 95' lang='lat' dir='ltr'><strong>III</strong></span> <span class='ocrx_word' id='word_1_79' title='bbox 1083 670 1137 710; x_wconf 88' lang='grc'><strong>60</strong></span> <span class='ocrx_word' id='word_1_80' title='bbox 1168 668 1301 711; x_wconf 86' lang='lat' dir='ltr'><strong>verba</strong></span> <span class='ocrx_word' id='word_1_81' title='bbox 1330 668 1407 722; x_wconf 82' lang='grc' dir='ltr'><strong>τῆς</strong></span> <span class='ocrx_word' id='word_1_82' title='bbox 1439 665 1485 708; x_wconf 80' lang='grc' dir='ltr'><strong>δὲ</strong></span> <span class='ocrx_word' id='word_1_83' title='bbox 1517 660 1677 721; x_wconf 76' lang='grc' dir='ltr'><em>ὀγδόης</em></span> 
     </span>
     <span class='ocr_line' id='line_1_9' title="bbox 134 734 1676 802; baseline -0.01 -12"><span class='ocrx_word' id='word_1_84' title='bbox 134 759 269 802; x_wconf 90' lang='lat' dir='ltr'><strong>usque</strong></span> <span class='ocrx_word' id='word_1_85' title='bbox 286 746 342 789; x_wconf 89' lang='lat' dir='ltr'><strong>ad</strong></span> <span class='ocrx_word' id='word_1_86' title='bbox 357 737 519 800; x_wconf 79' lang='grc' dir='ltr'>ἠθικός</span> <span class='ocrx_word' id='word_1_87' title='bbox 531 767 585 773; x_wconf 95' lang='grc'>-</span> <span class='ocrx_word' id='word_1_88' title='bbox 596 742 652 785; x_wconf 86' lang='lat' dir='ltr'><strong>ad</strong></span> <span class='ocrx_word' id='word_1_89' title='bbox 667 754 877 785; x_wconf 88' lang='lat' dir='ltr'><strong>summam</strong></span> <span class='ocrx_word' id='word_1_90' title='bbox 894 737 1164 782; x_wconf 89' lang='lat' dir='ltr'><strong>Bessarionis</strong></span> <span class='ocrx_word' id='word_1_91' title='bbox 1182 736 1465 780; x_wconf 85' lang='lat' dir='ltr'><strong>correctiones</strong></span> <span class='ocrx_word' id='word_1_92' title='bbox 1478 734 1676 777; x_wconf 90' lang='lat' dir='ltr'><strong>absoluto</strong></span> 
     </span>
     <span class='ocr_line' id='line_1_10' title="bbox 135 801 1677 858; baseline -0.01 -1"><span class='ocrx_word' id='word_1_93' title='bbox 135 815 245 858; x_wconf 92' lang='lat' dir='ltr'><strong>libro</strong></span> <span class='ocrx_word' id='word_1_94' title='bbox 276 810 568 856; x_wconf 88' lang='lat' dir='ltr'><strong>Arundeliano</strong></span> <span class='ocrx_word' id='word_1_95' title='bbox 607 809 747 853; x_wconf 88' lang='lat' dir='ltr'><strong>codici</strong></span> <span class='ocrx_word' id='word_1_96' title='bbox 787 809 831 851; x_wconf 93' lang='lat' dir='ltr'>M</span> <span class='ocrx_word' id='word_1_97' title='bbox 861 808 1054 851; x_wconf 88' lang='lat' dir='ltr'><strong>adiectas</strong></span> <span class='ocrx_word' id='word_1_98' title='bbox 1097 804 1290 848; x_wconf 85' lang='lat' dir='ltr'><strong>exhibet:</strong></span> <span class='ocrx_word' id='word_1_99' title='bbox 1333 816 1433 856; x_wconf 79' lang='lat' dir='ltr'><strong>ergo</strong></span> <span class='ocrx_word' id='word_1_100' title='bbox 1463 803 1504 844; x_wconf 85' lang='lat' dir='ltr'>N</span> <span class='ocrx_word' id='word_1_101' title='bbox 1536 815 1590 844; x_wconf 90' lang='lat' dir='ltr'><strong>ex</strong></span> <span class='ocrx_word' id='word_1_102' title='bbox 1620 801 1677 850; x_wconf 90' lang='lat' dir='ltr'><strong>M,</strong></span> 
     </span>
     <span class='ocr_line' id='line_1_11' title="bbox 135 868 1678 932; baseline -0.01 -7"><span class='ocrx_word' id='word_1_103' title='bbox 135 895 219 925; x_wconf 90' lang='lat' dir='ltr'><strong>non</strong></span> <span class='ocrx_word' id='word_1_104' title='bbox 251 894 306 924; x_wconf 91' lang='lat' dir='ltr'><strong>ex</strong></span> <span class='ocrx_word' id='word_1_105' title='bbox 336 880 375 923; x_wconf 93' lang='lat' dir='ltr'>A</span> <span class='ocrx_word' id='word_1_106' title='bbox 404 878 582 922; x_wconf 85' lang='lat' dir='ltr'><strong>fluxisse</strong></span> <span class='ocrx_word' id='word_1_107' title='bbox 623 875 837 932; x_wconf 86' lang='lat' dir='ltr'><strong>putandus</strong></span> <span class='ocrx_word' id='word_1_108' title='bbox 879 879 955 919; x_wconf 89' lang='lat' dir='ltr'><strong>est.</strong></span> <span class='ocrx_word' id='word_1_109' title='bbox 1024 874 1163 917; x_wconf 91' lang='lat' dir='ltr'><strong>obiter</strong></span> <span class='ocrx_word' id='word_1_110' title='bbox 1200 884 1355 915; x_wconf 91' lang='lat' dir='ltr'><strong>moneo</strong></span> <span class='ocrx_word' id='word_1_111' title='bbox 1395 870 1566 914; x_wconf 88' lang='lat' dir='ltr'><strong>saeculo</strong></span> <span class='ocrx_word' id='word_1_112' title='bbox 1598 868 1678 910; x_wconf 90' lang='lat' dir='ltr'><strong>XV</strong></span> 
     </span>
     <span class='ocr_line' id='line_1_12' title="bbox 136 938 1681 1001; baseline -0.01 -8"><span class='ocrx_word' id='word_1_113' title='bbox 136 951 320 993; x_wconf 88' lang='lat' dir='ltr'><strong>exeunte</strong></span> <span class='ocrx_word' id='word_1_114' title='bbox 349 951 479 1001; x_wconf 89' lang='lat' dir='ltr'><strong>atque</strong></span> <span class='ocrx_word' id='word_1_115' title='bbox 508 945 613 989; x_wconf 94' lang='lat' dir='ltr'><strong>XVI</strong></span> <span class='ocrx_word' id='word_1_116' title='bbox 643 946 814 988; x_wconf 89' lang='lat' dir='ltr'><strong>ineunte</strong></span> <span class='ocrx_word' id='word_1_117' title='bbox 846 944 976 987; x_wconf 91' lang='lat' dir='ltr'><strong>etiam</strong></span> <span class='ocrx_word' id='word_1_118' title='bbox 1007 943 1116 985; x_wconf 90' lang='lat' dir='ltr'><strong>alios</strong></span> <span class='ocrx_word' id='word_1_119' title='bbox 1148 941 1304 984; x_wconf 88' lang='lat' dir='ltr'><strong>multos</strong></span> <span class='ocrx_word' id='word_1_120' title='bbox 1326 938 1522 982; x_wconf 87' lang='lat' dir='ltr'><strong>Venetiis</strong></span> <span class='ocrx_word' id='word_1_121' title='bbox 1563 938 1681 980; x_wconf 81' lang='lat' dir='ltr'><strong>iussu</strong></span> 
     </span>
     <span class='ocr_line' id='line_1_13' title="bbox 137 1005 1679 1073; baseline -0.009 -12"><span class='ocrx_word' id='word_1_122' title='bbox 137 1021 179 1062; x_wconf 88' lang='lat' dir='ltr'><strong>et</strong></span> <span class='ocrx_word' id='word_1_123' title='bbox 198 1016 404 1073; x_wconf 86' lang='lat' dir='ltr'><strong>impensis</strong></span> <span class='ocrx_word' id='word_1_124' title='bbox 426 1015 582 1059; x_wconf 85' lang='lat' dir='ltr'><strong>ducum</strong></span> <span class='ocrx_word' id='word_1_125' title='bbox 605 1013 817 1057; x_wconf 87' lang='lat' dir='ltr'><strong>Bavariae</strong></span> <span class='ocrx_word' id='word_1_126' title='bbox 840 1011 1102 1066; x_wconf 89' lang='lat' dir='ltr'><strong>conscriptos</strong></span> <span class='ocrx_word' id='word_1_127' title='bbox 1135 1023 1229 1053; x_wconf 88' lang='lat' dir='ltr'><strong>esse</strong></span> <span class='ocrx_word' id='word_1_128' title='bbox 1251 1009 1384 1053; x_wconf 91' lang='lat' dir='ltr'><strong>libros</strong></span> <span class='ocrx_word' id='word_1_129' title='bbox 1407 1005 1476 1059; x_wconf 91' lang='lat' dir='ltr'><strong>(cf.</strong></span> <span class='ocrx_word' id='word_1_130' title='bbox 1494 1005 1679 1049; x_wconf 86' lang='lat' dir='ltr'><strong>Wester-</strong></span> 
     </span>
     <span class='ocr_line' id='line_1_14' title="bbox 136 1080 880 1139; baseline -0.011 -7"><span class='ocrx_word' id='word_1_131' title='bbox 136 1087 279 1131; x_wconf 85' lang='lat' dir='ltr'><strong>manni</strong></span> <span class='ocrx_word' id='word_1_132' title='bbox 310 1084 612 1139; x_wconf 73' lang='lat' dir='ltr'><strong>Paradooeoqr.</strong></span> <span class='ocrx_word' id='word_1_133' title='bbox 644 1080 880 1139; x_wconf 63' lang='lat' dir='ltr'><strong>pg.‹V111).</strong></span> 
     </span>
    </p>

    <p class='ocr_par' dir='ltr' id='par_1_3' title="bbox 137 1144 1687 1813">
     <span class='ocr_line' id='line_1_15' title="bbox 251 1144 1677 1209; baseline -0.009 -10"><span class='ocrx_word' id='word_1_134' title='bbox 251 1155 367 1199; x_wconf 84' lang='lat' dir='ltr'><strong>Duxi</strong></span> <span class='ocrx_word' id='word_1_135' title='bbox 397 1159 459 1209; x_wconf 87' lang='lat' dir='ltr'><strong>te,</strong></span> <span class='ocrx_word' id='word_1_136' title='bbox 498 1153 708 1197; x_wconf 86' lang='lat' dir='ltr'><strong>benevole</strong></span> <span class='ocrx_word' id='word_1_137' title='bbox 739 1153 893 1206; x_wconf 90' lang='lat' dir='ltr'><strong>lector,</strong></span> <span class='ocrx_word' id='word_1_138' title='bbox 932 1151 1061 1205; x_wconf 86' lang='lat' dir='ltr'><strong>longo</strong></span> <span class='ocrx_word' id='word_1_139' title='bbox 1093 1149 1246 1192; x_wconf 88' lang='lat' dir='ltr'><strong>itinere</strong></span> <span class='ocrx_word' id='word_1_140' title='bbox 1277 1161 1354 1203; x_wconf 90' lang='lat' dir='ltr'><strong>per</strong></span> <span class='ocrx_word' id='word_1_141' title='bbox 1384 1149 1571 1190; x_wconf 85' lang='lat' dir='ltr'><strong>secretas</strong></span> <span class='ocrx_word' id='word_1_142' title='bbox 1603 1144 1677 1186; x_wconf 90' lang='lat' dir='ltr'><strong>mi-</strong></span> 
     </span>
     <span class='ocr_line' id='line_1_16' title="bbox 137 1214 1680 1279; baseline -0.008 -12"><span class='ocrx_word' id='word_1_143' title='bbox 137 1236 300 1279; x_wconf 90' lang='lat' dir='ltr'><strong>nusque</strong></span> <span class='ocrx_word' id='word_1_144' title='bbox 321 1223 442 1266; x_wconf 87' lang='lat' dir='ltr'><strong>tritas</strong></span> <span class='ocrx_word' id='word_1_145' title='bbox 470 1221 673 1265; x_wconf 89' lang='lat' dir='ltr'><strong>scientiae</strong></span> <span class='ocrx_word' id='word_1_146' title='bbox 704 1224 874 1263; x_wconf 88' lang='lat' dir='ltr'><strong>nostrae</strong></span> <span class='ocrx_word' id='word_1_147' title='bbox 904 1219 1101 1273; x_wconf 86' lang='lat' dir='ltr'><strong>regiones</strong></span> <span class='ocrx_word' id='word_1_148' title='bbox 1132 1229 1211 1260; x_wconf 88' lang='lat' dir='ltr'><strong>nec</strong></span> <span class='ocrx_word' id='word_1_149' title='bbox 1241 1228 1445 1259; x_wconf 89' lang='lat' dir='ltr'><strong>amoenas</strong></span> <span class='ocrx_word' id='word_1_150' title='bbox 1477 1214 1574 1256; x_wconf 87' lang='lat' dir='ltr'><strong>illas</strong></span> <span class='ocrx_word' id='word_1_151' title='bbox 1605 1216 1680 1255; x_wconf 87' lang='lat' dir='ltr'><strong>aut</strong></span> 
     </span>
     <span class='ocr_line' id='line_1_17' title="bbox 137 1285 1679 1346; baseline -0.008 -10"><span class='ocrx_word' id='word_1_152' title='bbox 137 1294 286 1346; x_wconf 91' lang='lat' dir='ltr'><strong>laetas,</strong></span> <span class='ocrx_word' id='word_1_153' title='bbox 317 1290 395 1335; x_wconf 81' lang='lat' dir='ltr'><strong>sed.</strong></span> <span class='ocrx_word' id='word_1_154' title='bbox 415 1291 557 1334; x_wconf 84' lang='lat' dir='ltr'><strong>tristes</strong></span> <span class='ocrx_word' id='word_1_155' title='bbox 578 1290 829 1344; x_wconf 89' lang='lat' dir='ltr'><strong>plerumque</strong></span> <span class='ocrx_word' id='word_1_156' title='bbox 858 1292 900 1331; x_wconf 87' lang='lat' dir='ltr'><strong>et</strong></span> <span class='ocrx_word' id='word_1_157' title='bbox 929 1300 1119 1343; x_wconf 87' lang='lat' dir='ltr'><strong>asperas.</strong></span> <span class='ocrx_word' id='word_1_158' title='bbox 1165 1285 1384 1339; x_wconf 86' lang='lat' dir='ltr'><strong>attigimus</strong></span> <span class='ocrx_word' id='word_1_159' title='bbox 1415 1287 1560 1327; x_wconf 89' lang='lat' dir='ltr'><strong>autem</strong></span> <span class='ocrx_word' id='word_1_160' title='bbox 1581 1295 1679 1336; x_wconf 91' lang='lat' dir='ltr'><strong>pro-</strong></span> 
     </span>
     <span class='ocr_line' id='line_1_18' title="bbox 138 1353 1679 1415; baseline -0.007 -12"><span class='ocrx_word' id='word_1_161' title='bbox 138 1360 322 1415; x_wconf 88' lang='lat' dir='ltr'><strong>positam</strong></span> <span class='ocrx_word' id='word_1_162' title='bbox 353 1363 511 1402; x_wconf 89' lang='lat' dir='ltr'><strong>metam</strong></span> <span class='ocrx_word' id='word_1_163' title='bbox 541 1370 680 1412; x_wconf 89' lang='lat' dir='ltr'><strong>neque</strong></span> <span class='ocrx_word' id='word_1_164' title='bbox 710 1358 875 1400; x_wconf 91' lang='lat' dir='ltr'><strong>nullum</strong></span> <span class='ocrx_word' id='word_1_165' title='bbox 907 1369 1032 1411; x_wconf 88' lang='lat' dir='ltr'><strong>spero</strong></span> <span class='ocrx_word' id='word_1_166' title='bbox 1065 1368 1120 1398; x_wconf 90' lang='lat' dir='ltr'><strong>ex</strong></span> <span class='ocrx_word' id='word_1_167' title='bbox 1150 1353 1496 1409; x_wconf 86' lang='lat' dir='ltr'><strong>peregrinatione</strong></span> <span class='ocrx_word' id='word_1_168' title='bbox 1534 1364 1679 1406; x_wconf 88' lang='lat' dir='ltr'><strong>repor-</strong></span> 
     </span>
     <span class='ocr_line' id='line_1_19' title="bbox 137 1419 1680 1485; baseline -0.007 -13"><span class='ocrx_word' id='word_1_169' title='bbox 137 1429 322 1473; x_wconf 86' lang='lat' dir='ltr'><strong>tavimus</strong></span> <span class='ocrx_word' id='word_1_170' title='bbox 351 1426 543 1485; x_wconf 87' lang='lat' dir='ltr'><strong>fructum.</strong></span> <span class='ocrx_word' id='word_1_171' title='bbox 604 1430 650 1469; x_wconf 93' lang='lat' dir='ltr'><strong>ut</strong></span> <span class='ocrx_word' id='word_1_172' title='bbox 684 1439 788 1469; x_wconf 88' lang='lat' dir='ltr'><strong>vero</strong></span> <span class='ocrx_word' id='word_1_173' title='bbox 828 1428 1039 1467; x_wconf 89' lang='lat' dir='ltr'><strong>mercator</strong></span> <span class='ocrx_word' id='word_1_174' title='bbox 1077 1423 1151 1477; x_wconf 88' lang='lat' dir='ltr'><strong>qui</strong></span> <span class='ocrx_word' id='word_1_175' title='bbox 1182 1435 1205 1464; x_wconf 89' lang='lat' dir='ltr'><strong>e</strong></span> <span class='ocrx_word' id='word_1_176' title='bbox 1236 1422 1472 1475; x_wconf 86' lang='lat' dir='ltr'><strong>longinqua</strong></span> <span class='ocrx_word' id='word_1_177' title='bbox 1502 1420 1575 1462; x_wconf 87' lang='lat' dir='ltr'><strong>via</strong></span> <span class='ocrx_word' id='word_1_178' title='bbox 1606 1419 1680 1462; x_wconf 91' lang='lat' dir='ltr'><strong>do—</strong></span> 
     </span>
     <span class='ocr_line' id='line_1_20' title="bbox 140 1487 1684 1551; baseline -0.007 -11"><span class='ocrx_word' id='word_1_179' title='bbox 140 1510 256 1540; x_wconf 93' lang='lat' dir='ltr'><strong>mum</strong></span> <span class='ocrx_word' id='word_1_180' title='bbox 299 1496 496 1551; x_wconf 86' lang='lat' dir='ltr'><strong>revertit,</strong></span> <span class='ocrx_word' id='word_1_181' title='bbox 543 1495 649 1538; x_wconf 88' lang='lat' dir='ltr'><strong>inita</strong></span> <span class='ocrx_word' id='word_1_182' title='bbox 684 1492 979 1547; x_wconf 83' lang='lat' dir='ltr'><strong>subductaque</strong></span> <span class='ocrx_word' id='word_1_183' title='bbox 1027 1492 1192 1535; x_wconf 91' lang='lat' dir='ltr'><strong>ratione</strong></span> <span class='ocrx_word' id='word_1_184' title='bbox 1230 1490 1335 1546; x_wconf 87' lang='lat' dir='ltr'><strong>quid</strong></span> <span class='ocrx_word' id='word_1_185' title='bbox 1379 1490 1488 1532; x_wconf 89' lang='lat' dir='ltr'><strong>lucri</strong></span> <span class='ocrx_word' id='word_1_186' title='bbox 1531 1487 1684 1531; x_wconf 87' lang='lat' dir='ltr'><strong>fecerit</strong></span> 
     </span>
     <span class='ocr_line' id='line_1_21' title="bbox 142 1561 1685 1620; baseline -0.007 -11"><span class='ocrx_word' id='word_1_187' title='bbox 142 1565 356 1620; x_wconf 80' lang='lat' dir='ltr'><strong>explorat,</strong></span> <span class='ocrx_word' id='word_1_188' title='bbox 397 1564 500 1608; x_wconf 88' lang='lat' dir='ltr'><strong>item</strong></span> <span class='ocrx_word' id='word_1_189' title='bbox 538 1577 616 1607; x_wconf 88' lang='lat' dir='ltr'><strong>nos</strong></span> <span class='ocrx_word' id='word_1_190' title='bbox 648 1575 793 1607; x_wconf 91' lang='lat' dir='ltr'><strong>eorum</strong></span> <span class='ocrx_word' id='word_1_191' title='bbox 826 1573 937 1615; x_wconf 91' lang='lat' dir='ltr'><strong>quae</strong></span> <span class='ocrx_word' id='word_1_192' title='bbox 969 1561 1290 1604; x_wconf 85' lang='lat' dir='ltr'><strong>enucleavimus</strong></span> <span class='ocrx_word' id='word_1_193' title='bbox 1322 1571 1533 1602; x_wconf 88' lang='lat' dir='ltr'><strong>summam</strong></span> <span class='ocrx_word' id='word_1_194' title='bbox 1563 1569 1685 1612; x_wconf 87' lang='lat' dir='ltr'><strong>prae-</strong></span> 
     </span>
     <span class='ocr_line' id='line_1_22' title="bbox 143 1627 1687 1688; baseline -0.006 -11"><span class='ocrx_word' id='word_1_195' title='bbox 143 1634 231 1677; x_wconf 89' lang='lat' dir='ltr'><strong>cise</strong></span> <span class='ocrx_word' id='word_1_196' title='bbox 261 1633 595 1688; x_wconf 88' lang='lat' dir='ltr'><strong>complectamur</strong></span> <span class='ocrx_word' id='word_1_197' title='bbox 625 1635 804 1675; x_wconf 87' lang='lat' dir='ltr'><strong>stemma</strong></span> <span class='ocrx_word' id='word_1_198' title='bbox 834 1633 1124 1685; x_wconf 87' lang='lat' dir='ltr'><strong>proponentes</strong></span> <span class='ocrx_word' id='word_1_199' title='bbox 1145 1628 1342 1672; x_wconf 89' lang='lat' dir='ltr'><strong>codicum</strong></span> <span class='ocrx_word' id='word_1_200' title='bbox 1363 1627 1687 1670; x_wconf 89' lang='lat' dir='ltr'><strong>Laertianorum</strong></span> 
     </span>
     <span class='ocr_line' id='line_1_23' title="bbox 144 1695 1685 1754; baseline -0.006 -10"><span class='ocrx_word' id='word_1_201' title='bbox 144 1700 377 1744; x_wconf 89' lang='lat' dir='ltr'><strong>secundum</strong></span> <span class='ocrx_word' id='word_1_202' title='bbox 428 1713 480 1743; x_wconf 90' lang='lat' dir='ltr'><strong>ea</strong></span> <span class='ocrx_word' id='word_1_203' title='bbox 529 1712 640 1754; x_wconf 89' lang='lat' dir='ltr'><strong>quae</strong></span> <span class='ocrx_word' id='word_1_204' title='bbox 690 1697 992 1753; x_wconf 87' lang='lat' dir='ltr'><strong>disputationis</strong></span> <span class='ocrx_word' id='word_1_205' title='bbox 1042 1701 1213 1740; x_wconf 89' lang='lat' dir='ltr'><strong>nostrae</strong></span> <span class='ocrx_word' id='word_1_206' title='bbox 1265 1696 1447 1740; x_wconf 90' lang='lat' dir='ltr'><strong>decursu</strong></span> <span class='ocrx_word' id='word_1_207' title='bbox 1497 1695 1685 1739; x_wconf 89' lang='lat' dir='ltr'><strong>eruimus</strong></span> 
     </span>
     <span class='ocr_line' id='line_1_24' title="bbox 145 1773 353 1813; baseline -0.01 0"><span class='ocrx_word' id='word_1_208' title='bbox 145 1773 353 1813; x_wconf 89' lang='lat' dir='ltr'><strong>exactum.</strong></span> 
     </span>
    </p>
   </div>
  </div>
 </body>
</html>
