1861 3229
149 184 200 223 76
827 182 1022 219 Praefatio.
1621 181 1661 203 *-

148 301 353 353 mathil,
393 300 688 358 praeceptoris
728 299 1000 344 dilectissimi
1035 299 1247 356 uniceque
1277 299 1334 344 de
1364 315 1434 347 me
1464 306 1697 360 promeriti,

152 371 456 415 benevolentia
492 369 652 415 factum
695 373 771 413 est.
833 369 906 424 qui
935 368 1105 412 abiecto
1137 368 1317 412 consilio
1347 369 1509 415 Laertii
1540 373 1698 418 edendi

150 440 352 494 princeps
372 438 481 481 mihi
503 439 670 482 exstitit
689 437 746 481 ad
767 435 1093 492 ingrediendam
1114 436 1351 480 studiorum
1373 437 1697 485 Laertianorum

149 506 373 550 rationem.
424 507 553 551 simul
576 506 720 551 omnia
739 505 845 549 mihi
876 504 1055 549 tradidit
1084 517 1380 560 quaecumque
1410 505 1507 560 ipse
1536 507 1593 551 ad
1624 520 1698 552 ex-

152 575 390 619 ornandam
421 576 539 620 illius
570 576 791 630 scriptoris
822 574 1056 618 editionem
1091 573 1194 617 olim
1225 573 1473 628 conlegerat
1502 573 1698 619 cohorta-

152 646 306 698 tusque
344 648 410 688 est
448 648 496 688 ut
533 657 587 688 ne
626 644 753 687 nimis
791 643 865 687 diu
903 644 1015 688 iusta
1044 641 1253 698 Diogenis
1294 641 1531 697 scripturae
1563 641 1699 687 editio

154 711 486 767 desideraretur,
517 717 617 756 ante
639 712 782 755 omnia
801 713 923 755 libris
952 725 1081 755 manu
1113 710 1299 754 exaratis
1329 709 1490 753 Laertii
1522 712 1697 766 conqui-

153 779 300 824 rendis
332 780 698 836 explorandisque
730 793 905 835 operam
946 793 1162 824 navarem.
1222 777 1337 834 quod
1371 777 1621 822 mandatum
1651 784 1698 823 ut

155 861 452 903 persequerer,
484 849 656 892 ineunte
687 862 799 892 anno
834 850 942 892 1897
974 849 1017 891 in
1047 849 1216 892 Italiam
1245 847 1462 903 profectus
1500 860 1592 891 sum
1623 848 1698 892 ubi

155 920 358 970 quattuor
379 930 549 961 menses
570 922 856 961 commoratus
886 918 1077 973 potiores
1099 917 1172 972 qui
1202 916 1263 960 ibi
1292 915 1575 960 adservantur
1595 916 1696 960 Dio-

154 984 278 1038 genis
301 985 474 1029 codices
496 999 625 1040 quam
646 989 839 1040 poteram
860 985 1187 1029 adcuratissime
1217 985 1399 1028 excussi.
1446 984 1568 1028 initio
1598 986 1698 1030 anni

157 1053 265 1094 1898
289 1053 479 1096 Parisios
501 1053 687 1107 migravi
718 1057 764 1095 ut
785 1053 945 1096 Laertii
977 1054 1110 1097 libros
1131 1052 1396 1096 Parisienscs
1427 1053 1696 1108 inspicerem.

151 1131 300 1163 mense
317 1120 471 1163 Martio
494 1120 687 1163 eiusdem
708 1121 808 1162 anni
830 1121 1002 1163 Italiam
1024 1121 1177 1163 iterum
1198 1120 1288 1163 adii
1309 1120 1409 1163 ideo
1430 1121 1698 1175 potissimum

150 1190 196 1228 ut
226 1188 487 1230 recentiores
524 1187 733 1241 Diogenis
770 1188 942 1231 codices
981 1199 1215 1231 noscerem.
1275 1187 1463 1243 denique
1498 1189 1698 1243 proximo

147 1257 352 1297 autumno
381 1254 668 1299 Raudniciam
698 1254 934 1299 Bohemiae
963 1269 1032 1299 me
1064 1255 1224 1299 contuli
1255 1255 1330 1299 ubi
1359 1256 1403 1299 in
1434 1255 1699 1301 bibliotheca

149 1323 358 1378 principis
389 1337 417 1366 a
448 1323 704 1367 Lobkowitz
735 1329 923 1367 ceterum
960 1325 1066 1368 satis
1097 1324 1322 1368 commode
1353 1325 1483 1368 etiam
1511 1326 1700 1380 antiquis

149 1391 411 1435 membranis
451 1392 659 1435 instructa
697 1392 808 1435 bene
846 1392 953 1435 latet
992 1392 1197 1436 volumen
1226 1393 1389 1436 Laertii
1424 1393 1700 1448 scriptionem

152 1459 389 1502 continens.
440 1463 631 1503 attamen
661 1461 706 1503 in
738 1464 858 1504 tanta
887 1473 1028 1503 rerum
1061 1462 1381 1516 opportunitate
1412 1461 1496 1505 nisi
1525 1461 1699 1515 plurimi

153 1526 237 1569 viri
279 1526 515 1570 doctissimi
555 1527 698 1571 studia
736 1541 833 1572 mea
872 1533 915 1572 et
952 1530 1117 1572 auxilio
1154 1533 1197 1572 et
1234 1529 1490 1572 auctoritate
1518 1542 1598 1573 sua
1626 1529 1700 1572 ad-

155 1595 379 1648 iuvissent,
409 1596 537 1650 plene
560 1601 602 1638 et
621 1595 812 1651 perfecte
834 1597 888 1639 de
910 1610 1041 1640 causa
1070 1597 1293 1651 proposita
1323 1596 1565 1652 disceptare
1586 1597 1702 1641 haud

155 1661 362 1705 licuisset.
422 1675 529 1718 prae
570 1664 723 1708 ceteris
762 1668 905 1707 autem
945 1668 1066 1719 grato
1106 1663 1213 1707 mihi
1242 1665 1386 1707 animo
1416 1664 1703 1708 nominandus

156 1734 221 1774 est
252 1730 591 1775 Her-mannus
618 1733 888 1786 Dielsius‚
920 1733 988 1776 vir
1010 1746 1214 1787 summus,
1246 1733 1319 1787 qui
1341 1745 1469 1787 quam
1489 1733 1585 1788 ipse
1606 1732 1702 1776 dili-

155 1800 407 1853 gentissime
437 1814 689 1856 summaque
721 1815 816 1845 cum
848 1800 1127 1845 adcuratione
1158 1801 1401 1844 confecerat
1429 1801 1591 1844 codicis
1622 1801 1702 1845 Pa-

153 1867 275 1910 risini
297 1881 359 1922 gr.
383 1882 444 1911 nr.
467 1870 574 1911 1759
597 1869 884 1913 conlationem
907 1868 1435 1912 liberalissimeutendam
1466 1868 1574 1912 mihi
1605 1882 1703 1913 con-

152 1936 294 1981 cessit.
338 1950 423 1992 quo
446 1937 655 1981 beneficio
677 1941 837 1993 quanto
861 1950 991 1992 opere
1012 1938 1156 1981 studia
1181 1951 1281 1983 mea
1300 1937 1539 1981 sublevarit
1558 1937 1704 1982 dicere

151 2006 227 2048 vix
248 2018 438 2061 possum.
491 2006 716 2061 insigniter
736 2019 865 2061 porro
886 2006 942 2050 de
964 2019 1034 2050 me
1065 2006 1206 2049 meriti
1237 2010 1334 2050 sunt
1364 2005 1505 2061 Sego
1517 2006 1704 2051 fredus

150 2074 454 2129 Meklerus,
487 2076 553 2118 vir
584 2074 933 2130 humanissimus,
966 2076 1040 2130 qui
1069 2080 1293 2130 rogantem
1323 2088 1392 2119 me
1423 2075 1479 2119 de
1508 2076 1701 2120 lectioni·

150 2143 228 2187 bus
260 2142 424 2187 codicis
446 2143 796 2188 Vindobonensis
825 2157 886 2198 gr.
910 2157 973 2186 nr.
998 2145 1079 2186 106
1108 2143 1423 2187 officiosissime
1451 2156 1538 2186 non
1567 2144 1703 2187 semel

149 2212 346 2268 edocuit;
389 2212 717 2257 Fridericus
738 2213 988 2267 Kenyon,
1029 2213 1134 2255 artis
1169 2209 1564 2267 palaeographicae
1594 2211 1704 2255 inter

147 2295 310 2337 paucos
356 2282 648 2338 peritissimus
693 2281 986 2335 existimator,
1037 2281 1111 2335 qui
1160 2280 1346 2334 benigne
1390 2277 1498 2322 mihi
1542 2277 1704 2323 codicis

148 2350 436 2394 Arundeliani
486 2364 548 2405 gr.
588 2363 650 2392 nr.
694 2351 773 2392 531
834 2350 1070 2392 transmisit
1123 2349 1354 2402 lectiones,
1411 2346 1704 2402 Montague

148 2419 176 2463 J
186 2432 354 2473 ames,
387 2419 697 2464 celeberrimus
719 2418 857 2462 musei
878 2417 1245 2472 Cantabrigiensis
1274 2416 1533 2472 praefectus,
1565 2417 1703 2472 quiin

150 2501 273 2531 usum
304 2501 449 2531 meum
480 2488 692 2543 plurimos
723 2486 886 2530 codicis
918 2485 1285 2540 Cantabrigiensis
1315 2499 1376 2540 gr.
1399 2485 1450 2529 R.
1475 2488 1515 2529 9.
1550 2487 1616 2539 18,
1651 2486 1701 2527 19

150 2557 269 2600 locos
291 2557 504 2612 inspexit3
535 2556 846 2610 Drerupius
868 2567 1002 2609 meus,
1025 2554 1098 2609 qui
1119 2554 1352 2610 permultas
1374 2553 1536 2598 codicis
1556 2553 1702 2596 Mona-

151 2625 292 2669 censis
323 2639 386 2680 gr.
408 2639 471 2669 nr.
499 2627 579 2668 159
601 2624 836 2679 scripturas
867 2636 1033 2667 mecum
1057 2623 1410 2678 communicavit3
1441 2622 1646 2665 Hieron
1654 2633 1702 2673 y·

151 2706 263 2738 mus
295 2694 591 2748 Vitellius,
624 2693 697 2748 qui
728 2691 835 2736 mihi
866 2692 1032 2746 aliquot
1061 2692 1266 2738 lectiones
1298 2692 1392 2737 cod.
1411 2691 1538 2735 Laur.
1559 2686 1705 2733 LXIX
