1861 3229
722 133 902 170 Analecta
924 133 1134 169 Laertiana.
1621 131 1702 170 135

153 248 276 304 μάλα
305 245 463 308 κάῧγῆ
495 251 660 294 τοιοῦθ
681 251 715 293 L
745 250 1172 307 μάλακαυγητοιουθ
1202 249 1258 292 Β1
1281 265 1290 292 2
1312 247 1575 304 μαλακαυγῆ
1606 255 1703 290 τοῖο

153 313 207 361 θ’
246 333 276 360 α
320 317 692 375 (μαλακαυγήτοιό
725 313 778 361 θ’
813 319 969 364 Athen.
1006 320 1035 363 1.
1068 318 1124 373 c.)
1149 318 1161 372 ΙΙ
1187 320 1238 361 12
1284 314 1560 371 ἕρπυλαΐδος
1597 316 1700 358 ΕΒ;

155 385 396 441 ἑρπυλίδος
423 402 452 441 γ
482 389 534 439 (P)
566 389 598 429 δ
622 383 928 442 (Ἑρπυλλίδος
950 389 1021 437 Ρ1)
1045 386 1060 442 ll
1087 391 1137 431 13
1170 381 1362 436 ἀναξίως
1393 386 1465 429 ΕΒ
1487 401 1497 428 :
1520 378 1704 434 ἀνάξιος

153 469 184 499 α
215 449 400 513 (ἀναξίῳ
430 456 632 506 Cobetus)
656 455 670 512 ss
697 459 746 499 14
790 454 1079 510 ἐπικοσμηθῆ
1109 455 1144 498 L
1176 453 1456 511 ἐπικοσμιθῆ
1486 454 1520 497 Β
1555 468 1564 493 :
1598 450 1700 495 ἐπι-

153 526 353 582 κομισθῆ
383 524 428 582 (i.
452 538 488 569 e.
513 522 810 582 ἐπικομισθῇ)
834 538 863 564 α
885 524 900 578 ΙΙ
923 526 976 566 26
1010 521 1224 580 ἐξηγμένα
1248 524 1318 567 ΕΒ
1342 540 1351 567 :
1375 521 1617 580 ἐξηγημένα
1640 535 1669 561 α
1691 518 1703 575 Η

155 597 208 637 37
239 591 356 649 πρὸς
387 592 598 646 δισχίλιοι
627 593 699 636 ΕΒ
731 609 741 636 :
771 591 887 649 πρὸς
930 591 1174 645 δισχιλίους
1204 605 1233 631 α
1270 592 1284 646 ΙΙ
1320 595 1369 634 51
1406 592 1587 647 πρῶτον
1618 589 1699 643 μὲν

152 660 374 715 βούλομαι
403 663 616 716 γενέσθαι
637 662 708 703 ΕΒ
731 677 740 704 :
763 675 845 704 om.
868 661 978 704 haec
1000 660 1135 703 verba
1156 673 1185 699 α
1214 661 1411 714 (πρῶτον
1442 659 1521 712 μὲν
1553 660 1699 702 Mena-

153 730 264 784 gius)
294 727 309 783 ΙΙ
341 726 697 782 ἐπικομισθῆναι
726 728 798 770 ΕΒ
830 744 838 770 :
871 726 1236 784 ἐπικοσμηθῆναι
1268 740 1296 766 α
1329 727 1343 779 ΙΙ
1374 728 1427 769 60
1460 725 1700 781 λάμψακος

155 811 237 840 om.
260 797 332 838 ΕΒ
353 812 362 838 :
386 795 517 838 habet
537 809 566 834 α
602 794 617 849 ss
655 798 707 836 67
738 792 867 851 ἡλεῖα
898 796 933 837 L
963 788 1091 851 ῆλεία
1113 795 1148 836 Β
1171 810 1180 837 2
1203 792 1322 836 ἰ’λεια
1353 808 1382 834 οι
1411 789 1580 844 (Ἰλίεια
1618 808 1698 837 em.

153 864 310 914 Bentl.)
331 862 346 917 ΙΙ
370 864 423 906 68
456 860 483 904 ἃ
514 863 549 906 L
580 857 608 904 ἆ
640 863 674 905 Β
706 878 714 905 :
748 854 802 905 ὂῖν
832 876 860 916 γ
892 860 945 904 ἃν
976 864 1007 903 d
1033 858 1109 914 (ὡς
1140 862 1388 917 Scaligerus
1420 860 1459 904 εἰ
1480 862 1700 905 Iacobsius

153 931 212 974 ad
253 930 422 970 Anthol.
454 930 549 973 Pal.
589 931 670 974 VII
704 933 800 981 112)
843 930 857 985 ΙΙ
901 932 952 973 78
997 933 1227 986 βερονίκης
1264 931 1335 973 ΕΒ
1372 946 1381 973 :
1413 933 1641 986 βερενίκης
1671 943 1699 969 οι

153 1003 336 1054 excepto
376 998 415 1043 U
459 1000 532 1054 qui
575 1001 778 1055 βερνίκης
820 999 832 1054 ΙΙ
876 1001 925 1042 91
981 1000 1258 1055 στεφανωθῆ
1306 999 1376 1042 ΕΒ
1416 1015 1425 1041 :
1468 1013 1700 1054 στεφανω-

152 1068 258 1123 θείη
291 1079 333 1108 α.

268 1135 399 1178 Porro
438 1148 522 1190 quo
561 1137 699 1190 magis
738 1149 866 1191 quam
907 1135 1029 1179 firmo
1062 1135 1296 1191 validoque
1330 1135 1503 1179 vinculo
1535 1135 1570 1177 L
1604 1148 1699 1178 cum

152 1204 317 1246 familia
345 1203 375 1254 β
411 1204 633 1258 copulatus
672 1205 728 1247 sit
762 1204 991 1259 adpareat,
1037 1204 1231 1247 adferam
1270 1204 1388 1247 locos
1430 1217 1515 1247 non
1556 1204 1698 1247 nullos

153 1270 307 1325 quibus
338 1270 412 1312 BL
443 1275 590 1314 contra
629 1285 775 1315 omnes
817 1276 983 1315 ceteros
1014 1272 1187 1315 codices
1226 1271 1372 1321 (etiam
1404 1272 1437 1314 P
1470 1284 1597 1326 quem
1629 1271 1697 1314 his

153 1339 259 1382 locis
290 1338 347 1381 ad
376 1352 405 1378 α
436 1344 669 1382 correctum
700 1352 794 1383 esse
824 1338 1061 1394 putandum
1095 1342 1174 1389 est)
1213 1340 1500 1394 consentiant,
1543 1340 1697 1394 quibus

154 1411 297 1448 tamen
330 1407 462 1449 utrius
491 1407 642 1450 classis
671 1407 846 1450 lectioni
876 1408 1000 1449 albus
1031 1407 1284 1450 adiciendus
1316 1408 1372 1450 sit
1402 1408 1593 1450 calculus
1621 1420 1699 1461 per

153 1488 199 1518 se
245 1474 470 1518 diiudicari
517 1479 715 1530 nequeat.
795 1478 978 1530 aguntur
1030 1475 1263 1530 praecipue
1313 1475 1542 1518 verborum
1595 1487 1698 1518 con-

152 1544 400 1586 locationes.

266 1612 286 1654 1
318 1614 341 1653 7
372 1608 509 1661 θεοὺς
541 1604 693 1661 αὐτοῖς
722 1610 794 1654 ΕΒ
825 1626 834 1653 :
867 1603 1019 1660 αὐτοῖς
1049 1606 1188 1660 θεοὺς
1219 1610 1284 1653 Ρα
1309 1610 1320 1664 ss
1345 1612 1398 1653 36
1430 1606 1699 1654 ὑποθέσθαι

152 1680 224 1722 ΕΒ
255 1695 265 1721 :
296 1675 612 1721 ὑποτίθεσθαι
643 1680 708 1721 Ρα
738 1678 753 1733 ΙΙ
784 1680 826 1721 II
858 1681 909 1720 38
942 1680 1334 1735 μεγαφρονοῦντας
1365 1680 1436 1722 ΕΒ
1469 1696 1477 1722 :
1509 1681 1699 1734 μεγαλο-

153 1747 429 1806 φρονοῦντας
449 1748 515 1791 Ρα
537 1745 551 1803 ΙΙ
575 1750 624 1790 51
661 1745 724 1797 εἰς
755 1744 834 1805 τὴν
865 1743 1032 1789 ἑλλάδα
1060 1744 1173 1801 μετὰ
1197 1742 1441 1804 ἆγησιλάου
1462 1748 1534 1791 ΕΒ
1556 1763 1565 1791 :
1588 1746 1698 1802 μετὰ

154 1812 397 1872 ἂγησιλάου
430 1814 493 1865 εἷς
523 1813 601 1870 τὴν
632 1813 797 1856 ἑλλάδα
828 1816 893 1857 Ρα
930 1814 945 1868 ss
983 1817 1036 1857 59
1078 1815 1368 1870 νικοστράτου
1400 1817 1472 1859 ΕΒ
1504 1833 1513 1859 :
1546 1820 1699 1859 πυθο-

153 1882 345 1938 στράτου
383 1884 448 1925 Ρα
487 1881 502 1937 ΙΙ
545 1885 594 1925 81
639 1881 858 1936 ἐλέγχεται
897 1878 986 1924 ὑπὸ
1028 1883 1100 1925 ΕΒ
1132 1898 1141 1925 :
1174 1880 1394 1937 ἐλέγχεται
1435 1883 1559 1938 παρὰ
1601 1884 1698 1940 Pal}

155 1953 235 1994 113
265 1949 421 2006 κρόνος
453 1945 504 1992 οὗ
525 1950 597 1993 ΕΒ
627 1966 636 1993 :
667 1949 822 2005 κρόνος
853 1949 1116 2005 Pa1111125
1149 1948 1488 2007 ἐπιστραφῆναι
1520 1951 1584 2002 εἷς
1616 1947 1697 1995 αὖ-

151 2018 229 2063 τὸν
267 2020 339 2063 ΕΒ
370 2035 380 2062 :
413 2016 748 2076 ἐπιστραφῆναι
793 2016 908 2074 πρὸς
947 2012 1082 2061 αὐτὸν
1122 2020 1187 2062 Ρα
1223 2017 1237 2074 ΙΙ
1276 2022 1326 2062 51
1369 2023 1551 2075 γοργίας
1582 2023 1699 2077 [γορ-

151 2091 274 2145 γείας
295 2085 366 2144 Β]·
398 2086 561 2131 ἱππίαι
593 2083 670 2131 δι’-ο
700 2089 773 2131 ΕΒ
804 2104 813 2131 :
848 2087 1011 2130 ἱππίαι
1043 2086 1143 2129 δύο·
1175 2091 1356 2144 γοργίας
1385 2088 1450 2131 Pa
1482 2088 1494 2143 H
1534 2092 1587 2132 64
1620 2085 1700 2132 αὗ-

153 2157 232 2199 τοῦ
269 2156 358 2197 τῶν
396 2153 537 2210 λόγων
572 2157 644 2199 ΕΒ
676 2172 685 2199 :
715 2158 805 2198 τῶν
846 2154 986 2211 λόγων
1028 2150 1162 2197 αὐτοῦ
1204 2157 1270 2198 Ρα
1306 2155 1321 2211 ΙΙ
1360 2160 1411 2200 79
1453 2153 1699 2213 ὁμολογου-

152 2226 286 2279 μένου
317 2224 388 2268 ΕΒ
425 2220 805 2283 ειῦμολογημένου
844 2224 909 2267 Ρα
948 2223 963 2278 ΙΙ
1002 2225 1055 2266 95
1097 2218 1173 2266 οὐκ
1214 2217 1368 2279 ὀρθῶς
1409 2225 1482 2269 ΕΒ
1513 2242 1522 2270 :
1556 2227 1700 2277 κακῶς

154 2295 219 2337 Ρα
240 2291 256 2349 ΙΙ
278 2295 332 2336 96
363 2288 477 2347 ὑπὲρ
510 2288 646 2336 αὐτοῦ
678 2292 783 2350 ε’ίπη
814 2293 886 2335 ΕΒ
916 2308 926 2335 2
961 2291 1066 2347 ε’ίπη
1097 2288 1212 2345 ὑπὲρ
1244 2287 1382 2336 αὐτοῦ
1403 2295 1470 2337 Ρα
1492 2295 1506 2348 ss
1530 2297 1583 2339 98
1607 2294 1700 2339 ἕτε-

153 2378 231 2418 ρον
262 2361 309 2404 δὲ
343 2357 616 2419 εὐαισθησία
645 2362 717 2405 ΕΒ
748 2377 758 2405 :
788 2356 812 2417 ἡ
847 2359 894 2403 δὲ
926 2356 1201 2417 εὐαισθησία
1232 2362 1299 2405 Ρα
1334 2360 1349 2418 ΙΙ
1391 2366 1470 2406 107
1512 2361 1607 2407 ἐστὶ
1643 2363 1699 2407 τὰ

151 2429 234 2485 μὲν
264 2430 335 2472 ΕΒ
367 2445 376 2471 :
407 2427 463 2471 τὰ
492 2434 573 2483 μέν
605 2427 700 2471 ἐστι
730 2430 796 2472 Ρα
817 2428 832 2483 ΙΙ
855 2429 914 2472 IV
945 2432 998 2472 37
1029 2430 1133 2484 γοῦν
1164 2430 1237 2473 ΕΒ
1270 2445 1279 2470 2
1314 2420 1391 2473 οὖν
1422 2432 1488 2474 Ρα
1518 2431 1533 2486 ΙΙ
1566 2436 1619 2475 40
1652 2449 1700 2475 τε

154 2495 265 2555 ἄγαν
296 2497 368 2540 ΕΒ
399 2512 408 2539 :
441 2495 487 2539 δὲ
519 2492 628 2553 ἄγαν
661 2499 725 2541 Ρα
755 2496 769 2553 ΙΙ
799 2497 832 2539 V
867 2501 914 2540 11
950 2495 1266 2552 περιετύχομεν
1296 2500 1368 2542 ΕΒ
1400 2515 1409 2542 :
1443 2497 1699 2555 ἐνετύχομεν

154 2570 221 2614 Ρα
250 2565 265 2623 ΙΙ
296 2566 348 2611 38
388 2563 505 2621 πρὸς
544 2561 694 2622 ὀλίγον
725 2563 988 2623 ἀπεδήμησε
1017 2566 1090 2609 ΕΒ
1121 2582 1130 2610 :
1164 2561 1426 2625 ἀπεδήμησε
1457 2566 1573 2624 πρὸς
1602 2564 1699 2613 ὀλί-

153 2657 231 2697 7⁰²¹
261 2638 327 2682 Pa
347 2632 363 2689 ΙΙ
386 2636 439 2677 67
470 2633 593 2677 καθά
613 2635 685 2678 ΕΒ
708 2651 717 2678 :
738 2633 952 2690 καθάπερ
983 2635 1050 2678 Ρα
1072 2633 1086 2691 ΙΙ
1110 2638 1163 2678 73
1194 2637 1267 2679 καὶ
1299 2640 1594 2693 περίστρωμα
1624 2640 1699 2682 καὶ
