1861 3229
737 149 912 191 Analecta
935 152 1141 189 Laertiana.
1630 150 1707 187 159

168 270 283 325 σθης
329 270 356 311 l.
388 270 430 312 II
466 273 540 312 111
575 270 648 313 ubi
680 271 857 314 verbum
889 269 1102 326 ἔγραφεν;
1147 269 1175 310 l.
1207 267 1248 310 II
1282 269 1361 310 137
1402 265 1476 309 ubi
1508 264 1710 308 vocabuli

166 333 368 395 προῦστη
400 339 567 383 litterae
597 354 682 395 71:93
714 339 899 395 denique
930 339 959 382 l.
981 339 1021 382 II
1047 339 1126 380 142
1154 337 1228 380 ubi
1258 336 1381 380 verbi
1412 328 1708 388 ἀπολομένων

166 406 360 461 syllabae
393 400 485 450 ἀπο
517 407 561 449 in
591 407 625 450 P
657 406 805 451 charta
836 408 1054 459 obtectae,
1094 407 1137 449 in
1169 405 1207 457 Q
1237 405 1490 461 simpliciter
1522 404 1710 447 omissae

166 480 276 517 sunt.
337 475 444 519 haec
474 479 571 519 sunt
601 480 853 529 argumenta
882 480 970 518 tam
1001 474 1149 517 valida
1180 474 1343 529 opinor,
1375 478 1433 528 ut,
1466 474 1503 517 si
1533 474 1620 516 alia
1650 471 1707 515 ad

167 541 321 587 Dielsii
361 543 616 587 sententiam
655 543 957 587 stabiliendam
999 541 1225 598 adderem,
1275 542 1491 586 lucernam
1531 541 1574 583 in
1615 540 1707 584 sole

164 610 371 655 adhibere
401 611 583 655 viderer.

278 679 550 734 Descriptum
581 683 724 722 autem
756 693 850 723 esse
882 678 1076 723 codicem
1105 677 1143 729 Q
1175 690 1198 719 e
1228 678 1337 720 libro
1360 678 1392 719 P
1424 682 1706 733 posteaquam

165 746 278 791 hunc
297 748 459 802 primus
481 751 692 790 corrector
713 748 801 798 (P2)
821 746 1112 801 pertractavit,
1144 745 1245 787 inde
1274 746 1559 799 consequitur,
1591 745 1707 800 quod

166 814 290 858 huius
322 814 606 858 correctiones
628 814 672 856 in
693 815 803 857 libro
825 813 864 865 Q
893 814 1037 856 insunt
1058 826 1218 856 omnes.
1281 813 1381 855 item
1411 813 1454 854 in
1485 812 1567 856 hoc
1596 814 1706 856 libro

166 885 307 925 exstat
337 880 549 925 scholium
581 881 688 924 illud
720 882 835 936 quod
866 882 922 924 P2
953 881 1009 924 ad
1041 881 1068 923 l.
1100 880 1159 924 VI
1198 881 1366 924 initium
1406 880 1606 936 adpinxit
1635 880 1706 934 (cf.

162 964 235 1005 pg.
267 951 351 1000 88).

280 1017 553 1062 Correcturas
576 1018 737 1062 codicis
760 1017 797 1070 Q
818 1018 1070 1073 singillatim
1098 1017 1345 1073 expendere
1375 1018 1483 1061 tanti
1515 1031 1599 1061 non
1631 1022 1707 1072 est,

165 1100 259 1131 cum
302 1091 344 1130 et
379 1100 543 1142 paucae
584 1087 668 1131 sint
703 1100 879 1131 numero
921 1091 962 1131 et
999 1087 1057 1130 ad
1087 1088 1194 1131 vitia
1224 1088 1468 1142 pertineant
1497 1086 1709 1130 facillima

162 1154 219 1198 ad
251 1155 564 1198 emendandum
596 1156 685 1198 fere
716 1169 875 1199 omnes.
937 1156 1148 1200 interdum
1187 1160 1330 1199 autem
1362 1156 1567 1200 lectiones
1599 1168 1706 1210 quas

163 1236 190 1266 a
219 1223 527 1266 correctoribus
570 1223 825 1266 instauratas
856 1224 1053 1267 videmus
1092 1225 1336 1267 coniectura
1373 1225 1569 1267 inventas
1610 1236 1705 1267 csse

164 1290 438 1335 crediderim:
468 1291 616 1345 veluti,
648 1304 731 1335 uno
762 1292 963 1348 exemplo
994 1296 1040 1335 ut
1070 1291 1291 1347 defungar,
1323 1292 1351 1335 l.
1383 1293 1424 1336 II
1456 1294 1509 1334 34
1540 1291 1599 1345 Q1
1631 1290 1703 1335 de-

163 1358 286 1402 derat
334 1361 443 1409 (cum
484 1360 597 1416 BP1)
644 1355 887 1415 ἆξιολόγων
933 1374 1010 1415 pro
1056 1355 1286 1414 ἀξιόλογον
1334 1361 1479 1415 (Lav)3
1527 1375 1581 1404 ex
1629 1362 1704 1404 illo

162 1427 264 1473 fecit
285 1427 344 1480 Q2
367 1422 492 1478 ἄξιον
514 1429 646 1485 λόγου
677 1430 721 1473 in
752 1432 953 1474 contextu
974 1429 1131 1473 nullius
1162 1429 1272 1473 alius
1304 1429 1465 1474 codicis
1486 1430 1706 1474 Laertiani

167 1497 351 1541 obvium.
411 1498 498 1540 alia
527 1499 659 1541 mitto.

280 1565 443 1609 Eodem
464 1565 599 1609 ferme
620 1570 812 1622 tempore
844 1580 927 1622 quo
958 1565 1097 1610 codex
1128 1565 1167 1618 Q
1199 1569 1401 1610 exaratus
1434 1570 1511 1620 est,
1543 1566 1652 1609 libro
1676 1565 1710 1608 P

165 1647 265 1677 usus
316 1639 379 1677 est
428 1635 501 1677 ille
546 1635 619 1688 qui
662 1635 824 1687 primus
862 1635 1135 1677 Laertianam
1186 1635 1319 1677 vitam
1358 1634 1550 1677 Platonis
1599 1635 1709 1677 inter

164 1702 471 1757 prolegomena
514 1702 571 1745 ad
615 1700 839 1745 Platonem
884 1703 1048 1759 recepit
1093 1702 1378 1757 (adpellamus
1418 1703 1482 1753 π).
1555 1701 1625 1745 hic
1664 1706 1710 1745 ut

163 1771 309 1824 paullo
348 1775 447 1825 post
484 1783 746 1825 exponemus
777 1770 997 1824 proximus
1028 1771 1122 1814 fons
1153 1772 1356 1814 librorum
1389 1770 1708 1813 Platonicorum

165 1837 486 1883 Laurentiani
515 1848 590 1890 gr.
621 1836 747 1892 plut.
779 1836 1007 1881 LXXXV
1038 1849 1114 1881 nr.
1147 1837 1175 1881 9
1207 1839 1263 1890 (c)
1305 1842 1346 1881 et
1383 1836 1707 1881 Laurentiani

161 1918 236 1959 gr.
275 1905 402 1961 plut.
439 1904 555 1949 LIX
593 1917 670 1949 nr.
705 1905 729 1947 1
771 1908 828 1958 (z)
867 1907 1104 1950 censendus
1144 1911 1220 1950 est.
1290 1921 1345 1951 ex
1385 1907 1536 1951 horum
1575 1907 1706 1961 igitur

162 1975 367 2018 librorum
398 1987 606 2018 consensu
637 1974 882 2029 exemplum
914 1974 1078 2017 librarii
1109 1987 1147 2015 π
1175 1975 1469 2031 retingendum
1502 1979 1579 2019 est.
1631 1975 1704 2030 qui

163 2043 266 2097 quin
297 2043 525 2086 Laertiana
555 2056 633 2086 sua
663 2055 686 2085 e
718 2042 867 2086 codice
899 2043 932 2085 P
964 2042 1165 2097 hauserit,
1207 2042 1251 2086 hi
1282 2044 1366 2087 loci
1399 2043 1577 2087 dubium
1610 2057 1704 2087 esse

164 2110 279 2154 haud
309 2111 473 2154 sinunt:

275 2179 303 2221 l.
334 2179 399 2221 III
430 2181 454 2220 2
488 2173 729 2235 ἇναξιάόης
750 2180 861 2223 P1cz
895 2194 904 2221 :
937 2174 1200 2236 ἀναξιλήὸης
1231 2180 1266 2222 Β
1299 2175 1558 2237 ἆναξιλίὸης
1588 2184 1703 2223 recte

161 2248 254 2290 Laz-
293 2261 348 2291 ss.
379 2248 435 2290 P5
476 2248 546 2298 (de
576 2248 808 2291 Anaxilide
849 2249 900 2292 cf.
938 2247 1111 2291 Hieron.
1153 2248 1243 2291 adv.
1275 2248 1410 2291 Iovz'n.
1442 2249 1463 2291 I
1494 2251 1548 2290 42
1592 2246 1648 2304 [ΙΙ
1684 2252 1701 2290 1

160 2330 232 2371 pg.
264 2318 345 2359 309
378 2330 400 2359 c
429 2312 576 2371 Vall.])
620 2314 633 2371 ss
675 2318 699 2358 3
740 2318 899 2365 νέωνος
929 2317 1041 2360 P¹cz
1071 2332 1080 2359 z
1114 2315 1261 2366 δίονος
1291 2317 1361 2359 Bd
1396 2315 1557 2366 ὃίωνος
1589 2322 1705 2361 recte

160 2385 252 2437 Lyv
271 2384 326 2426 Ρ4
356 2381 369 2439 [Ι
399 2387 424 2424 4
456 2378 650 2440 εὖάνθης
672 2384 786 2426 P1cz
808 2400 817 2427 ε
840 2382 1032 2440 νεάνθης
1059 2384 1187 2427 BLar
1207 2385 1263 2428 P4
1295 2383 1306 2440 ll
1339 2387 1392 2428 63
1425 2381 1566 2428 ὄντων
1589 2385 1701 2428 P¹ez

164 2448 228 2509 [ὅν
258 2453 346 2495 τῶν
376 2449 448 2508 L2]
481 2466 492 2496 z
523 2453 690 2509 νοητῶν
721 2453 871 2495 BLlav
902 2453 971 2495 P4.

275 2520 475 2566 Omnium
491 2534 594 2564 vero
611 2522 891 2565 certissimum
910 2521 1209 2566 documentum
1226 2527 1373 2587 petere
1392 2523 1494 2567 licet
1515 2536 1570 2566 ex
1592 2525 1616 2573 ξ
1635 2523 1702 2565 48.

161 2591 234 2635 ubi
255 2605 332 2648 pro
355 2588 755 2647 φιλοσοφουμένων
777 2590 820 2632 in
841 2594 1020 2646 utroque
1041 2591 1151 2635 libro
1167 2588 1454 2636 Laurentiano
1476 2591 1706 2635 exhibetur

162 2658 427 2717 φιλοσόφων
459 2658 589 2714 (quod
629 2658 827 2703 librarius
866 2659 965 2702 libri
995 2674 1019 2701 c
1050 2659 1104 2704 de
1142 2674 1259 2704 more
1290 2674 1367 2705 suo
1399 2660 1706 2716 compendiose
