1861 3229
741 136 919 173 Analecta
942 135 1151 172 Laertiana.
1642 132 1721 170 119

175 252 227 294 37
258 250 318 310 μὴ
349 254 380 293 d
406 266 416 294 ε
446 251 558 310 μηδὲ
587 253 652 306 γΒ
674 251 689 308 ΙΙ
712 256 766 296 40
798 251 883 310 ἔπη
915 255 1093 295 θέσθαι
1123 249 1338 308 ποιητικὰ
1369 247 1392 293 ὁ
1426 252 1458 291 d
1485 264 1494 291 :
1528 248 1722 291 ἐπιθέσ-

173 323 260 364 θαι
290 319 503 379 ποιητικὰ
534 318 557 365 0‘
590 336 618 376 γ
649 319 905 366 ἐπιθέσθαι
935 322 1172 380 ποιητικῆς
1203 321 1238 364 Β
1272 318 1551 376 (ἐπιθέσθαι
1585 333 1722 375 ποιη-

172 390 284 445 τικῇ.
343 386 365 432 ὃ
398 390 472 442 62)
503 389 518 445 ΙΙ
547 394 600 433 47
632 390 928 446 μαχεσόμενοι
958 393 1026 432 d:
1056 388 1360 446 μαχησόμενοι
1389 390 1454 441 γΒ
1477 388 1491 444 ΙΙ
1515 391 1569 431 49
1612 386 1719 442 εἰμι,

172 459 261 500 τῶν
283 456 330 501 δὲ
353 452 660 515 ἀνδρειότερος
679 461 711 501 d
728 474 738 502 ε
758 460 848 502 τῶν
871 457 918 501 δὲ
947 452 1256 513 ἀνδρειότερός
1285 455 1377 511 εἰμι
1396 458 1460 510 γΒ
1484 456 1499 513 Η
1523 460 1577 500 52
1601 454 1722 510 ἔχετε

172 528 204 569 d
221 541 230 569 :
253 525 400 580 ἔσχετε
418 529 482 582 γΒ
506 528 520 582 ΙΙ
544 530 597 571 58
630 526 911 584 ἰσχυρότερον
933 529 965 568 d
982 541 992 568 :
1016 524 1303 580 ἰσχυρότατον
1334 530 1448 570 reete
1478 540 1505 579 γ
1537 521 1719 581 ἷσχυρώ-

172 612 306 638 τατον
337 597 372 639 Β
409 595 424 650 ΙΙ
461 600 510 639 61
556 592 712 651 ἆγυιὰς
749 595 852 639 ταδὶ
884 598 915 637 d
950 610 960 637 ε
1000 589 1138 649 ἇγυὰς
1176 592 1279 636 ταδὶ
1317 607 1345 646 γ
1385 593 1652 652 αιγιασταόη
1686 595 1721 637 Β

173 662 483 720 (Λιγυαστάδη
505 665 664 719 Bergk.
687 678 765 707 em.
794 663 838 705 P.
857 662 911 706 L.
934 661 985 705 G.
1007 662 1071 705 ΙΙ4
1093 663 1143 704 fr.
1167 663 1221 703 26
1248 661 1434 713 Solonis)
1458 661 1472 716 ΙΙ
1495 666 1549 705 64
1581 652 1632 718 ἧς
1662 664 1694 703 ό
1712 677 1721 703 :

174 730 266 787 εἴης
286 731 352 784 γΒ
375 730 390 786 ΙΙ
414 734 466 773 72
496 730 579 786 γάρ
612 745 724 787 φησι
754 733 812 773 d:
836 726 877 772 δ’
914 725 975 779 ὥς
998 744 1136 786 φησιν
1156 733 1272 772 recte
1292 742 1321 781 γ
1347 728 1393 770 δὲ
1415 723 1474 779 ὥς
1496 745 1632 786 φησιν
1655 731 1690 773 Β
1713 728 1723 784 ἱ

174 800 227 841 83
261 794 397 840 αὐτοῦ
427 800 485 840 d:
509 793 655 841 αὐτῶν
684 800 749 852 γΒ
771 800 787 853 fl
810 793 1026 854 ψάμμους
1056 799 1115 839 d:
1139 795 1330 852 ψάμμου
1351 798 1416 850 γΒ
1438 796 1453 852 ΙΙ
1477 800 1530 841 93
1562 814 1721 839 κοπτο-

172 868 324 920 μένοις
344 868 403 908 d:
426 869 760 921 σκωπτομένοις
781 872 897 911 recte
918 881 946 920 γ
966 857 1275 919 ἔξωπτομένοις
1296 866 1331 908 Β
1364 879 1391 907 σ
1417 865 1518 909 add.
1548 881 1602 909 m.
1625 867 1646 909 I
1670 880 1725 910 an

174 947 280 978 corr.
297 934 396 978 dub.
421 935 435 988 ΙΙ
459 937 512 977 95
536 933 609 993 ἔτη
625 934 814 991 γεγονώς
830 930 912 992 ἤδη
934 937 987 977 d:
1003 930 1043 991 ἤ.
1061 950 1098 989 γ.
1118 933 1150 977 ε’.
1168 934 1232 986 γΒ
1256 933 1270 988 ΙΙ
1294 936 1347 976 96
1371 929 1499 984 οὗτος
1514 936 1567 976 d:
1585 932 1725 983 οὕτως

172 1003 237 1055 γΒ
260 1000 274 1057 ΙΙ
298 1005 351 1047 99
383 1001 461 1060 τὴν
493 1002 624 1047 λυόὸν
656 1006 724 1046 d:
755 1001 832 1046 τὸν
862 1001 994 1046 λυόὸν
1025 1004 1088 1056 γΒ
1121 1001 1135 1058 ΙΙ
1170 1006 1250 1046 100
1282 1000 1361 1045 τὸν
1389 1004 1421 1044 d
1447 1016 1457 1044 :
1489 1000 1568 1058 τὴν
1599 1015 1627 1055 γ
1656 1018 1725 1044 τιν

172 1071 216 1119 (i.
238 1084 274 1113 e.
297 1071 383 1121 τὶν)
413 1076 528 1114 recte
549 1072 584 1114 B
606 1071 622 1124 ΙΙ
648 1074 723 1113 101
759 1070 993 1113 καλονίὸου
1027 1071 1051 1112 ὂ
1075 1085 1083 1112 :
1105 1070 1353 1112 καλωνίόου
1374 1085 1402 1123 γ
1428 1070 1667 1112 καόουΐόου
1690 1071 1724 1112 Β

175 1137 424 1188 (Καδουΐδα
446 1139 739 1190 casaubonus)
768 1138 774 1193 Ι
805 1142 884 1182 105
915 1136 1041 1193 παρὰ
1075 1133 1218 1181 πότου
1250 1140 1282 1179 d
1298 1152 1308 1180 ε
1331 1136 1458 1194 παρὰ
1489 1136 1632 1180 πότον
1656 1138 1724 1188 (cf.

172 1207 200 1248 l.
223 1207 264 1248 II
288 1207 356 1256 78)
385 1207 449 1258 γΒ
472 1205 487 1260 ΙΙ
511 1203 674 1261 ὅγκραν
704 1210 735 1248 d
763 1222 771 1248 :
804 1203 993 1261 ἄγκυραν
1024 1208 1087 1259 γΒ
1111 1205 1126 1259 ΙΙ
1150 1203 1414 1248 ἀπέστειλεν
1444 1209 1502 1248 d:
1526 1205 1724 1248 ἐπέστει-

175 1274 247 1316 λεν
278 1274 342 1327 γΒ
365 1272 380 1329 ΙΙ
408 1275 485 1316 112
518 1268 652 1329 ἀγρὸν
683 1276 714 1316 (s
741 1288 750 1316 :
783 1269 943 1331 ἀγροὺς
973 1274 1037 1328 γΒ
1071 1272 1085 1329 ΙΙ
1120 1277 1199 1317 113
1234 1269 1360 1316 οὐδὲν
1392 1276 1423 1315 d
1450 1288 1459 1316 ε
1493 1269 1595 1316 οὐδὲ
1626 1274 1690 1327 γΒ
1713 1272 1723 1328 l

178 1344 257 1384 120
299 1339 394 1384 οἶδε
423 1345 490 1383 d':
524 1339 614 1384 εἶδε
653 1348 769 1387 reete
797 1357 826 1396 γ
867 1341 906 1384 εἰ
948 1341 994 1384 δὲ
1029 1343 1065 1384 Β
1105 1342 1117 1395 [Ι
1153 1343 1196 1385 II
1227 1345 1251 1385 8
1293 1342 1633 1399 ὁιατμηθέντων
1666 1344 1723 1383 d:

175 1408 507 1464 ὃιατμιθέντων
537 1425 565 1464 γ
605 1410 966 1465 διατμισθέντων
1005 1414 1120 1454 recte
1160 1411 1195 1453 B
1226 1411 1240 1464 ΙΙ
1272 1413 1323 1454 33
1367 1410 1414 1453 δὲ
1454 1409 1512 1466 μὴ
1547 1412 1578 1451 d
1605 1424 1614 1452 :
1646 1409 1725 1463 μὲν

176 1476 235 1535 μὴ
266 1479 330 1531 γΒ
354 1477 367 1533 ΙΙ
392 1481 445 1521 35
478 1474 692 1535 εἰπούσης
721 1481 799 1534 τῆς
828 1477 1032 1534 γυναικὸς
1062 1480 1121 1519 d:
1142 1495 1179 1519 τ.
1202 1495 1240 1533 y.
1264 1478 1315 1521 εἰ.
1348 1481 1412 1532 γΒ
1444 1480 1459 1532 ΙΙ
1489 1482 1541 1522 37
1575 1493 1728 1531 περιε-

178 1545 458 1601 νεχθήσομαι
487 1549 519 1588 d
545 1562 554 1589 :
587 1546 1087 1604 συμπεριενεχθήσομαι
1116 1561 1144 1600 γ
1177 1562 1254 1589 συν
1273 1572 1327 1577 ——
1345 1547 1380 1589 B
1406 1547 1416 1600 {j
1452 1549 1504 1588 42
1543 1545 1727 1609 ψήφους

178 1629 260 1658 om.
282 1616 340 1657 d:
363 1615 524 1659 habent
552 1615 616 1668 γΒ
639 1614 654 1669 ΙΙ
675 1614 818 1657 κλεινέ
848 1616 889 1659 U
918 1616 1038 1657 κλινέ
1068 1616 1107 1657 V
1130 1630 1139 1657 :
1166 1614 1322 1658 κλεινώ
1354 1629 1383 1668 γ
1412 1615 1591 1657 κλεεινώ
1624 1617 1667 1665 (i.
1690 1628 1726 1658 e.

178 1682 392 1736 Κλεεινώ)
403 1688 517 1728 recte
530 1684 585 1727 Β1
602 1680 613 1738 Η
628 1685 681 1726 43
700 1682 753 1740 ὂῆ
771 1682 927 1737 σχύλον
944 1686 996 1726 d:
1017 1682 1223 1737 αἰσχύλον
1238 1684 1303 1737 γΒ
1319 1681 1330 1739 ΕΙ
1348 1686 1401 1727 48
1417 1677 1652 1726 καταλύειν
1669 1684 1700 1724 d
1718 1697 1727 1725 :

178 1750 364 1794 κωλύειν
383 1753 448 1805 γΒ
471 1751 486 1807 ΙΙ
510 1755 563 1794 55
582 1750 751 1810 ἑπιθὴς
772 1754 830 1794 d:
853 1748 1072 1808 εὐπειθὴς
1093 1767 1121 1806 γ
1143 1748 1321 1809 ἀπιθὴς
1341 1758 1457 1797 recte
1479 1753 1513 1795 B
1537 1751 1552 1807 ΙΙ
1576 1756 1627 1795 57
1653 1746 1729 1794 οὐκ

179 1818 245 1864 ἔνι
275 1822 307 1862 d
333 1835 342 1863 ι
375 1817 425 1863 οὐ
455 1834 483 1874 γ
514 1815 592 1863 οὐκ
621 1816 737 1863 εἶναι
766 1825 883 1864 recte
913 1821 948 1863 B
971 1819 985 1876 ΙΙ
1009 1823 1062 1863 65
1094 1817 1387 1876 ὗπεπράξατο
1418 1822 1450 1861 d
1476 1835 1486 1862 :
1520 1819 1728 1874 εἰσεπρα-

181 1888 286 1939 ξατο
317 1890 382 1941 γΒ
405 1890 416 1940 Ι]
443 1891 495 1931 69
527 1892 572 1929 τί
601 1890 659 1930 cf:
682 1892 772 1930 τίνι
801 1889 865 1940 γΒ
888 1887 903 1942 ΙΙ
928 1892 975 1930 71
1011 1890 1120 1942 μιᾶς
1150 1890 1190 1932 U
1219 1892 1328 1942 μίας
1359 1889 1394 1931 V
1417 1900 1426 1927 ε
1450 1885 1612 1942 ὁμοίας
1632 1889 1696 1941 γΒ
1719 1897 1728 1942 }1

180 1958 233 2000 89
271 1953 433 2012 ἡδονὴν
464 1970 546 1999 om.
578 1958 610 1997 ό
637 1956 711 2009 (=
731 1956 864 2007 OUV)
897 1970 906 1998 :
939 1957 1098 2000 habent
1127 1958 1191 2009 γΒ
1229 1955 1243 2011 [Ι
1285 1960 1363 1999 105
1404 1955 1637 2011 πραβύτας
1668 1958 1727 1998 d:

179 2022 412 2079 πραβὺταν
441 2037 470 2077 γ
499 2022 752 2078 πρεσβύτας
783 2029 898 2068 recte
928 2025 962 2067 B
986 2023 1001 2079 ss
1027 2027 1105 2067 120
1138 2022 1511 2081 προσεσκωφθώς
1532 2027 1563 2066 d
1581 2040 1590 2066 :
1615 2041 1729 2079 προ-

181 2090 451 2147 σεσκωφθός
479 2106 508 2145 γ
536 2090 876 2148 προσεσκώφθη
910 2092 957 2134 δὲ
989 2098 1104 2137 recte
1135 2094 1169 2136 B
1201 2092 1216 2148 ΙΙ
1252 2096 1329 2136 126
1362 2091 1426 2142 εἰς
1456 2094 1534 2149 γῆν
1566 2095 1631 2135 d:
1665 2091 1728 2143 εἰς

179 2150 279 2216 ἦλιν
299 2161 363 2213 γΒ
386 2158 401 2215 ΙΙ
422 2161 500 2217 τῆς
522 2154 613 2202 ἀπὸ
637 2162 668 2200 d
685 2174 695 2202 z
716 2168 810 2210 τοῖς
833 2158 922 2202 ἀπὸ
946 2161 1010 2213 γΒ
1033 2159 1048 2215 ΙΙ
1072 2163 1329 2215 παρέβαλον
1350 2161 1423 2202 καὶ
1444 2163 1573 2216 μέχρι
1593 2175 1730 2216 usque

181 2229 238 2274 ad
269 2229 376 2284 περὶ
398 2227 627 2286 φαίδωνος
648 2243 731 2272 om.
754 2231 812 2271 d:
838 2229 995 2273 habent
1014 2230 1078 2282 γΒ
1102 2227 1116 2284 ΙΙ
1140 2228 1369 2287 σωκράτης
1390 2232 1449 2272 d:
1474 2225 1495 2272 ὁ
1520 2227 1684 2287 κράτης
1704 2243 1732 2283 γ

181 2296 343 2355 κράτης
372 2302 488 2342 recte
517 2297 553 2340 B
582 2295 597 2352 ΙΙ
631 2299 706 2340 131
743 2294 764 2340 ὃ
797 2297 878 2352 μὲν
909 2294 1219 2356 ἆσκληπιάόης
1251 2313 1332 2343 om.
1365 2301 1423 2341 d:
1445 2298 1608 2343 habent
1637 2297 1726 2353 γΒζ

185 2369 265 2409 135
306 2365 350 2407 ἐν
381 2368 448 2408 d:
481 2364 525 2408 ἐν
565 2366 645 2420 μὲν
674 2367 739 2420 γΒ
775 2368 789 2421 ΙΙ
829 2370 909 2410 136
948 2363 1120 2410 ὗπώπα
1150 2370 1182 2409 d
1209 2383 1219 2410 :
1250 2367 1444 2411 ὓπώπαι
1473 2382 1501 2421 γ
1541 2364 1733 2411 ὑπώπια

181 2437 297 2477 recte
328 2434 363 2476 B
386 2431 401 2488 ΙΙ
423 2433 488 2476 III
521 2436 570 2475 10
603 2432 757 2488 ἔμελλε
787 2436 819 2475 ό
844 2449 854 2476 t
888 2433 1014 2488 ἔμελε
1043 2449 1072 2488 γ
1102 2434 1292 2489 ἔμολε(ν)
1333 2442 1449 2480 recte
1480 2437 1514 2478 B
1546 2435 1560 2490 ΙΙ
1597 2440 1641 2477 11
1676 2452 1732 2490 γα

182 2501 262 2556 μὲν
292 2503 324 2543 d
350 2516 360 2544 :
390 2518 446 2557 γα
475 2500 564 2556 μὰν
594 2508 709 2547 reete
739 2517 779 2557 γ,
814 2497 980 2558 γάμαν
1012 2504 1046 2546 Β
1069 2503 1084 2557 ΙΙ
1106 2502 1269 2559 κατοόὴ
1292 2506 1325 2546 ό
1340 2519 1350 2547 :
1372 2499 1485 2547 κᾶτα
1516 2502 1567 2560 δὴ
1599 2518 1628 2558 γ
1658 2506 1730 2547 καὶ

183 2568 234 2613 τὸ
268 2569 336 2613 δεῖ
364 2571 399 2613 Β
431 2571 500 2622 (κα
520 2567 618 2612 τόδ’
644 2565 726 2627 ἤδη
759 2584 841 2614 em.
863 2570 1070 2624 Cobetus)
1093 2570 1107 2626 ΙΙ
1133 2575 1184 2615 13
1216 2568 1463 2629 ὁμοιότητα
1494 2575 1553 2615 d:
1576 2569 1733 2627 ὁμοιό-

184 2655 314 2690 τατες
342 2654 370 2693 γ
398 2635 663 2693 ὁμοιώματα
692 2643 809 2684 recte
829 2640 864 2683 B
887 2638 902 2695 ΙΙ
929 2642 980 2682 14
1004 2630 1041 2694 ᾗ*
1059 2641 1319 2697 (corruptum
1342 2656 1396 2687 ex
1421 2640 1461 2696 ῤ’)
1482 2643 1513 2684 d
1531 2657 1541 2685 :
1563 2644 1731 2698 γίνεται
