1861 3229
741 146 920 183 Analecta
944 146 1153 183 Laertiana.
1640 147 1721 184 125

169 265 288 305 certa
319 262 616 315 constantique
647 264 811 306 ratione
842 264 912 306 isti
934 264 1034 306 libri
1056 277 1150 306 cum
1174 264 1321 317 probis
1343 263 1551 317 purisque
1578 275 1721 304 exem-

169 330 253 386 plis
284 330 608 387 coniunguntur,
640 331 718 376 sed
747 330 875 375 modo
906 330 964 376 ad
995 330 1105 374 hanc
1137 330 1264 374 modo
1300 330 1356 374 ad
1387 329 1507 372 illam
1539 330 1718 385 stirpem

170 400 385 455 pertinere
406 401 618 455 videntur,
650 404 696 443 ut
717 401 969 456 saepissime
990 399 1247 454 perdifficile
1273 400 1328 443 sit
1358 399 1472 443 unde
1504 400 1715 455 originem

170 468 428 523 sumpserint
472 473 585 513 certe
624 468 813 513 definire.
882 468 1246 512 abundantissime
1285 482 1387 512 vero
1419 492 1472 498 -
1506 469 1586 513 etsi
1626 469 1713 512 iam

168 541 268 580 ante
299 537 515 582 exstitisse
547 536 720 581 diffiteri
759 537 876 581 haud
914 538 1019 580 licet
1051 560 1099 565 ——
1134 536 1216 580 hoc
1246 537 1449 580 librorum
1481 551 1617 591 genus
1649 551 1712 580 re-

168 610 268 649 nato
305 605 350 648 in
380 606 508 649 Italia
545 606 781 650 litterarum
813 605 956 650 studio
988 603 1193 658 effloruit,
1235 618 1329 648 cum
1368 604 1563 649 homines
1595 605 1711 649 docti

169 673 331 717 indocti
362 678 554 718 veterum
585 675 837 729 scriptorum
874 674 1097 717 volumina
1135 687 1190 716 ex
1220 674 1396 717 latebris
1427 675 1500 717 ubi
1532 674 1606 717 diu
1638 674 1712 717 de-

169 743 371 784 lituerant
400 742 652 795 protrahere
681 747 982 796 protractaque
1019 743 1130 784 inter
1166 754 1212 784 se
1245 741 1439 784 conferre
1470 744 1713 797 coepissent

168 809 320 853 sedulo
360 822 467 864 quas
504 810 756 853 invenerant
793 810 1031 865 scripturae
1077 809 1391 864 discrepantias
1436 809 1480 851 in
1519 811 1709 864 margine

168 877 375 920 librorum
406 877 660 921 adnotantes
691 879 762 921 vel
796 879 925 921 etiam
966 878 1173 933 scalpello
1217 877 1414 920 adhibito
1450 878 1631 921 alterum
1663 879 1711 919 li-

168 945 289 988 brum
321 945 379 989 ad
409 946 585 990 alterius
615 960 807 990 normam
843 946 1171 990 conformantes.
1233 946 1337 1001 quid
1377 946 1507 1001 igitur
1544 946 1711 1000 mirum,

167 1013 205 1056 si
236 1014 363 1068 longe
384 1015 574 1057 maxima
595 1028 695 1069 pars
725 1015 922 1058 codicum
953 1016 1236 1059 recentiorum
1268 1014 1324 1065 (h.
1359 1028 1394 1057 e.
1429 1028 1485 1057 sc.
1508 1015 1610 1057 XIV
1632 1014 1712 1056 XV

169 1080 289 1133 XVI)
318 1081 376 1125 ad
406 1095 541 1137 genus
572 1084 750 1127 mixtum
781 1084 998 1139 pertinet?

282 1150 581 1206 Antiquissimi
620 1156 762 1196 autem
799 1153 908 1196 inter
938 1153 1099 1196 Laertii
1136 1153 1268 1197 libros
1308 1153 1464 1196 mixtos
1505 1157 1602 1197 sunt
1642 1166 1710 1196 eo-

167 1217 286 1261 dices
318 1219 351 1260 P
384 1224 427 1262 et
457 1221 504 1275 L,
537 1225 713 1275 uterque
744 1222 916 1265 saeculo
947 1222 1054 1264 XIII
1085 1227 1214 1265 ortus.

715 1350 748 1388 1.
781 1347 856 1389 De
888 1345 1078 1401 cosdice
1111 1347 1157 1390 P.

280 1427 345 1472 Ac
373 1427 556 1483 primum
587 1425 778 1471 codicem
800 1426 832 1468 P
864 1427 906 1469 in
938 1427 1233 1481 quaestionem
1265 1427 1528 1470 vocabimus.
1582 1439 1709 1481 quem

166 1510 221 1539 ex
253 1496 406 1539 eodem
437 1495 674 1549 exemplari
705 1495 965 1549 descriptum
1006 1509 1100 1538 esse
1131 1500 1260 1550 atque
1292 1497 1449 1538 librum
1481 1496 1515 1537 B
1547 1497 1710 1549 primus

165 1564 357 1608 adseruit
387 1563 576 1606 Dielsius
606 1563 651 1604 in
681 1575 861 1606 censura
889 1563 1221 1617 Bywaterianae
1262 1564 1541 1606 conlectionis
1575 1563 1710 1606 Hera-

165 1632 253 1675 cliti
285 1631 466 1687 Ephesii
494 1632 773 1685 reliquiarum
803 1630 872 1683 (cf.
904 1630 1067 1672 Jenaer·
1088 1629 1514 1686 Literatur-Zeituny
1537 1645 1575 1674 a.
1603 1633 1710 1673 1877

165 1713 225 1741 nr.
250 1701 303 1741 25
327 1712 397 1755 pg.
420 1700 502 1741 394
523 1700 638 1750 not.).
681 1711 842 1753 verum,
874 1703 920 1742 ut
941 1699 1122 1754 adsolet,
1145 1699 1308 1744 vidisse
1330 1701 1468 1742 virum
1491 1701 1711 1755 egregium

165 1781 216 1811 eo
236 1767 351 1822 quod
368 1768 560 1822 sequitur
575 1768 782 1811 laterculo
800 1768 1175 1823 interpolationum
1193 1769 1440 1812 lacunarum
1460 1769 1710 1813 mendorum

164 1835 360 1879 codicum
391 1835 462 1877 BP
494 1836 762 1891 propriorum
792 1835 1046 1879 declaratur.

808 1962 977 2003 Tabula
1006 1962 1058 2003 D.

280 2041 345 2084 16
378 2036 533 2091 οὐσίας
563 2041 637 2083 καὶ
661 2041 783 2083 θεῶν
813 2044 1024 2097 γενέσεως
1046 2041 1138 2085 P1B
1160 2058 1169 2085 :
1194 2038 1349 2093 οὐσίας
1379 2044 1503 2086 θεῶν
1533 2044 1605 2086 καὶ
1639 2059 1710 2099 γε·

166 2112 329 2159 νέσεως
369 2123 398 2149 α
427 2108 442 2165 ΙΙ
476 2112 525 2151 17
574 2107 810 2152 ἐκλεκτικοὶ
849 2111 921 2152 ΡΒ
953 2126 961 2153 :
996 2108 1233 2166 ἐλεγκτικοὶ
1275 2126 1303 2152 οι
1324 2111 1339 2166 ΙΙ
1364 2111 1507 2155 οἰκεῖα
1553 2113 1712 2167 σχολῆς

167 2180 260 2222 P1B
284 2195 293 2222 z
315 2174 407 2236 ἤθη
441 2178 599 2235 σχολῆς
629 2192 658 2219 α
679 2176 694 2233 ΙΙ
721 2182 770 2222 19
802 2178 883 2234 μὲν
903 2179 995 2222 P¹B
1018 2197 1027 2223 :
1049 2179 1127 2234 μὲν
1161 2169 1236 2222 οὖν
1258 2194 1286 2221 οι
1309 2181 1323 2235 ΙΙ
1347 2183 1400 2224 20
1431 2175 1541 2224 καθ’
1578 2178 1601 2224 ὀ
1627 2195 1710 2225 om.

166 2247 261 2290 P'B
284 2262 293 2290 z
315 2247 447 2290 habet
476 2261 505 2287 α
527 2246 541 2299 ΙΙ
565 2249 619 2289 26
651 2245 764 2290 'c'vcot
794 2248 887 2290 P¹B
910 2264 918 2290 :
941 2246 1051 2291 ἔνιοι
1084 2248 1131 2291 δὲ
1162 2263 1190 2289 οι
1212 2248 1226 2305 ΙΙ
1251 2252 1303 2292 30
1337 2244 1602 2306 ἆοιστοτέλη
1637 2250 1712 2307 δῆ-

165 2332 251 2370 μον
282 2317 337 2359 Ρ1
368 2318 481 2368 (rest.
515 2316 571 2359 P2
611 2312 928 2373 ἆριστόὸημον)
969 2311 1375 2376 ἆριστοτέληδημον
1418 2320 1473 2362 B1
1528 2319 1715 2372 (induxit

163 2385 246 2427 litt.
279 2385 381 2441 τέλη
413 2399 543 2440 super
574 2402 596 2428 ο
628 2399 716 2430 acc.
757 2399 847 2441 pos.
881 2386 953 2437 B2)
973 2401 982 2428 :
1006 2380 1311 2444 ἆριστόόημον
1352 2402 1380 2428 α
1402 2387 1416 2443 ΙΙ
1441 2391 1493 2430 32
1537 2388 1714 2442 ὂιόυμεῖ

166 2453 221 2495 P1
253 2451 430 2506 ὄίόυμει
460 2454 525 2496 B:
552 2452 797 2507 ὁινόυμαίω
838 2467 866 2493 α
897 2452 1152 2510 (Διδυμαίῳ
1184 2456 1233 2507 L)
1257 2454 1272 2510 ΙΙ
1295 2458 1349 2498 34
1382 2455 1477 2498 οἷόν
1508 2451 1558 2497 θ’
1596 2455 1712 2498 ἑπτὰ

164 2521 257 2564 P1B
274 2537 283 2564 ε
303 2518 398 2563 οἷον
419 2519 577 2564 ἔπειτα
599 2521 667 2573 (cf.
690 2521 981 2566 Wachsmuth.
1003 2521 1123 2578 Corp.
1134 2537 1254 2578 poe-9.
1269 2538 1335 2578 qr.
1351 2524 1433 2566 lud.
1450 2538 1519 2579 pg.
1542 2527 1622 2567 100
1632 2527 1713 2581 sq.)

161 2593 175 2651 fl
197 2592 250 2635 36
284 2587 590 2646 ἐπιτυγχάνειν
621 2591 713 2633 P¹B
736 2607 744 2634 :
767 2588 816 2633 τὸ
852 2589 1156 2646 ἐπιτυγχάνειν
1179 2606 1207 2632 α
1233 2591 1244 2646 [Ι
1268 2596 1320 2636 37
1344 2591 1489 2650 ψυχὴν
1522 2589 1715 2648 εὔπορος

163 2658 257 2703 Ρ1Β
280 2674 290 2702 :
311 2657 440 2717 τύχην
473 2655 664 2716 εὔπορος
686 2660 700 2713 11
724 2658 858 2717 φύσιν
901 2654 1194 2712 εὐπαίδευτος
1225 2662 1319 2705 P1B
1342 2678 1350 2705 ε
1375 2660 1519 2720 ψυχὴν
1552 2659 1713 2706 εὐπαί-
