<?xml version="1.0" encoding="UTF-8"?>
<!DOCTYPE html PUBLIC "-//W3C//DTD XHTML 1.0 Transitional//EN"
    "http://www.w3.org/TR/xhtml1/DTD/xhtml1-transitional.dtd">
<html xmlns="http://www.w3.org/1999/xhtml" xml:lang="en" lang="en">
 <head>
  <title>
</title>
<meta http-equiv="Content-Type" content="text/html;charset=utf-8" />
  <meta name='ocr-system' content='tesseract 3.04.00' />
  <meta name='ocr-capabilities' content='ocr_page ocr_carea ocr_par ocr_line ocrx_word'/>
</head>
<body>
  <div class='ocr_page' id='page_1' title='image "4627071_0016.png"; bbox 0 0 1861 3229; ppageno 0'>
   <div class='ocr_carea' id='block_1_1' title="bbox 910 817 942 859">
    <p class='ocr_par' dir='ltr' id='par_1_1' title="bbox 910 817 942 859">
     <span class='ocr_line' id='line_1_1' title="bbox 910 817 942 859; baseline 0 0"><span class='ocrx_word' id='word_1_1' title='bbox 910 817 942 859; x_wconf 91' lang='lat' dir='ltr'>I.</span> 
     </span>
    </p>
   </div>
   <div class='ocr_carea' id='block_1_2' title="bbox 412 925 1441 993">
    <p class='ocr_par' dir='ltr' id='par_1_2' title="bbox 412 925 1441 993">
     <span class='ocr_line' id='line_1_2' title="bbox 412 925 1441 993; baseline -0.01 -5"><span class='ocrx_word' id='word_1_2' title='bbox 412 932 659 987; x_wconf 81' lang='lat' dir='ltr'>Codicum</span> <span class='ocrx_word' id='word_1_3' title='bbox 695 930 1099 985; x_wconf 82' lang='lat' dir='ltr'>Laertianorum</span> <span class='ocrx_word' id='word_1_4' title='bbox 1135 925 1441 993; x_wconf 76' lang='lat' dir='ltr'><strong>descriptio.</strong></span> 
     </span>
    </p>
   </div>
   <div class='ocr_carea' id='block_1_3' title="bbox 153 1053 1708 2748">
    <p class='ocr_par' dir='ltr' id='par_1_3' title="bbox 153 1053 1704 1584">
     <span class='ocr_line' id='line_1_3' title="bbox 272 1053 1702 1113; baseline -0.008 -10"><span class='ocrx_word' id='word_1_5' title='bbox 272 1061 526 1113; x_wconf 85' lang='lat' dir='ltr'>Priusquam</span> <span class='ocrx_word' id='word_1_6' title='bbox 549 1071 816 1112; x_wconf 79' lang='lat' dir='ltr'>exponamus</span> <span class='ocrx_word' id='word_1_7' title='bbox 838 1069 948 1110; x_wconf 89' lang='lat' dir='ltr'>quae</span> <span class='ocrx_word' id='word_1_8' title='bbox 971 1055 1078 1097; x_wconf 90' lang='lat' dir='ltr'>ratio</span> <span class='ocrx_word' id='word_1_9' title='bbox 1100 1054 1211 1096; x_wconf 89' lang='lat' dir='ltr'>inter</span> <span class='ocrx_word' id='word_1_10' title='bbox 1240 1053 1372 1095; x_wconf 92' lang='lat' dir='ltr'>libros</span> <span class='ocrx_word' id='word_1_11' title='bbox 1404 1064 1530 1093; x_wconf 90' lang='lat' dir='ltr'>manu</span> <span class='ocrx_word' id='word_1_12' title='bbox 1553 1063 1702 1093; x_wconf 87' lang='lat' dir='ltr'>exara-</span> 
     </span>
     <span class='ocr_line' id='line_1_4' title="bbox 156 1116 1701 1179; baseline -0.01 -8"><span class='ocrx_word' id='word_1_13' title='bbox 156 1136 221 1172; x_wconf 91' lang='lat' dir='ltr'>tos</span> <span class='ocrx_word' id='word_1_14' title='bbox 243 1128 403 1171; x_wconf 90' lang='lat' dir='ltr'>Laertii</span> <span class='ocrx_word' id='word_1_15' title='bbox 422 1126 629 1179; x_wconf 83' lang='lat' dir='ltr'>Diogenis</span> <span class='ocrx_word' id='word_1_16' title='bbox 647 1124 717 1164; x_wconf 83' lang='lat' dir='ltr'>De</span> <span class='ocrx_word' id='word_1_17' title='bbox 738 1124 833 1164; x_wconf 79' lang='lat' dir='ltr'>vitis</span> <span class='ocrx_word' id='word_1_18' title='bbox 848 1122 1100 1177; x_wconf 77' lang='lat' dir='ltr'>placitisque</span> <span class='ocrx_word' id='word_1_19' title='bbox 1121 1120 1336 1161; x_wconf 80' lang='lat' dir='ltr'>clarorum</span> <span class='ocrx_word' id='word_1_20' title='bbox 1354 1116 1701 1172; x_wconf 77' lang='lat' dir='ltr'>philosophorum</span> 
     </span>
     <span class='ocr_line' id='line_1_5' title="bbox 155 1184 1703 1250; baseline -0.008 -11"><span class='ocrx_word' id='word_1_21' title='bbox 155 1195 399 1250; x_wconf 84' lang='lat' dir='ltr'><strong>scriptionis</strong></span> <span class='ocrx_word' id='word_1_22' title='bbox 428 1192 678 1244; x_wconf 83' lang='lat' dir='ltr'>intercedat,</span> <span class='ocrx_word' id='word_1_23' title='bbox 710 1191 892 1233; x_wconf 85' lang='lat' dir='ltr'><strong>forsitan</strong></span> <span class='ocrx_word' id='word_1_24' title='bbox 914 1188 1124 1232; x_wconf 89' lang='lat' dir='ltr'>conducat</span> <span class='ocrx_word' id='word_1_25' title='bbox 1145 1186 1316 1230; x_wconf 89' lang='lat' dir='ltr'>codices</span> <span class='ocrx_word' id='word_1_26' title='bbox 1338 1185 1589 1228; x_wconf 88' lang='lat' dir='ltr'>Laertianos</span> <span class='ocrx_word' id='word_1_27' title='bbox 1611 1184 1703 1238; x_wconf 91' lang='lat' dir='ltr'>qui-</span> 
     </span>
     <span class='ocr_line' id='line_1_6' title="bbox 154 1252 1704 1317; baseline -0.008 -11"><span class='ocrx_word' id='word_1_28' title='bbox 154 1276 335 1317; x_wconf 78' lang='lat' dir='ltr'>cumque</span> <span class='ocrx_word' id='word_1_29' title='bbox 367 1262 588 1315; x_wconf 90' lang='lat' dir='ltr'>hucusque</span> <span class='ocrx_word' id='word_1_30' title='bbox 618 1260 842 1302; x_wconf 87' lang='lat' dir='ltr'>innotuere</span> <span class='ocrx_word' id='word_1_31' title='bbox 873 1256 1112 1301; x_wconf 88' lang='lat' dir='ltr'>observatis</span> <span class='ocrx_word' id='word_1_32' title='bbox 1141 1254 1405 1310; x_wconf 85' lang='lat' dir='ltr'>temporibus</span> <span class='ocrx_word' id='word_1_33' title='bbox 1432 1252 1704 1296; x_wconf 88' lang='lat' dir='ltr'>dinumerare</span> 
     </span>
     <span class='ocr_line' id='line_1_7' title="bbox 154 1323 1704 1385; baseline -0.007 -10"><span class='ocrx_word' id='word_1_34' title='bbox 154 1343 388 1385; x_wconf 90' lang='lat' dir='ltr'>eorumque</span> <span class='ocrx_word' id='word_1_35' title='bbox 421 1329 615 1372; x_wconf 89' lang='lat' dir='ltr'>habitum</span> <span class='ocrx_word' id='word_1_36' title='bbox 646 1328 922 1382; x_wconf 86' lang='lat' dir='ltr'>speciemque</span> <span class='ocrx_word' id='word_1_37' title='bbox 962 1325 1156 1380; x_wconf 89' lang='lat' dir='ltr'>praecise</span> <span class='ocrx_word' id='word_1_38' title='bbox 1197 1323 1466 1367; x_wconf 85' lang='lat' dir='ltr'>adumbrare.</span> <span class='ocrx_word' id='word_1_39' title='bbox 1520 1334 1605 1375; x_wconf 90' lang='lat' dir='ltr'>qua</span> <span class='ocrx_word' id='word_1_40' title='bbox 1639 1333 1704 1364; x_wconf 85' lang='lat' dir='ltr'>ra-</span> 
     </span>
     <span class='ocr_line' id='line_1_8' title="bbox 153 1389 1704 1448; baseline -0.009 -5"><span class='ocrx_word' id='word_1_41' title='bbox 153 1401 268 1444; x_wconf 90' lang='lat' dir='ltr'>tione</span> <span class='ocrx_word' id='word_1_42' title='bbox 315 1398 361 1441; x_wconf 89' lang='lat' dir='ltr'>id</span> <span class='ocrx_word' id='word_1_43' title='bbox 410 1397 635 1440; x_wconf 80' lang='lat' dir='ltr'>dumtaxat</span> <span class='ocrx_word' id='word_1_44' title='bbox 681 1396 838 1438; x_wconf 87' lang='lat' dir='ltr'>vitatur</span> <span class='ocrx_word' id='word_1_45' title='bbox 887 1393 1002 1448; x_wconf 91' lang='lat' dir='ltr'>quod</span> <span class='ocrx_word' id='word_1_46' title='bbox 1044 1391 1150 1435; x_wconf 91' lang='lat' dir='ltr'>mihi</span> <span class='ocrx_word' id='word_1_47' title='bbox 1191 1404 1359 1447; x_wconf 88' lang='lat' dir='ltr'>semper</span> <span class='ocrx_word' id='word_1_48' title='bbox 1398 1389 1704 1446; x_wconf 85' lang='lat' dir='ltr'>permolestum</span> 
     </span>
     <span class='ocr_line' id='line_1_9' title="bbox 155 1457 1704 1519; baseline -0.009 -8"><span class='ocrx_word' id='word_1_49' title='bbox 155 1470 294 1511; x_wconf 87' lang='lat' dir='ltr'>visum</span> <span class='ocrx_word' id='word_1_50' title='bbox 328 1472 393 1509; x_wconf 88' lang='lat' dir='ltr'>est</span> <span class='ocrx_word' id='word_1_51' title='bbox 422 1479 475 1508; x_wconf 92' lang='lat' dir='ltr'>ne</span> <span class='ocrx_word' id='word_1_52' title='bbox 506 1466 602 1519; x_wconf 89' lang='lat' dir='ltr'>ipsa</span> <span class='ocrx_word' id='word_1_53' title='bbox 640 1464 695 1506; x_wconf 91' lang='lat' dir='ltr'>de</span> <span class='ocrx_word' id='word_1_54' title='bbox 736 1463 941 1505; x_wconf 89' lang='lat' dir='ltr'>librorum</span> <span class='ocrx_word' id='word_1_55' title='bbox 982 1460 1190 1504; x_wconf 89' lang='lat' dir='ltr'>memoria</span> <span class='ocrx_word' id='word_1_56' title='bbox 1230 1459 1473 1514; x_wconf 88' lang='lat' dir='ltr'>disquisitio</span> <span class='ocrx_word' id='word_1_57' title='bbox 1515 1457 1704 1510; x_wconf 87' lang='lat' dir='ltr'>descrip-</span> 
     </span>
     <span class='ocr_line' id='line_1_10' title="bbox 155 1532 982 1584; baseline -0.01 -5"><span class='ocrx_word' id='word_1_58' title='bbox 155 1536 342 1579; x_wconf 89' lang='lat' dir='ltr'>tionibus</span> <span class='ocrx_word' id='word_1_59' title='bbox 374 1533 610 1576; x_wconf 85' lang='lat' dir='ltr'>identidem</span> <span class='ocrx_word' id='word_1_60' title='bbox 640 1532 982 1584; x_wconf 86' lang='lat' dir='ltr'>interrumpatur.</span> 
     </span>
    </p>

    <p class='ocr_par' dir='ltr' id='par_1_4' title="bbox 155 1598 1707 1860">
     <span class='ocr_line' id='line_1_11' title="bbox 272 1598 1706 1654; baseline -0.008 -8"><span class='ocrx_word' id='word_1_61' title='bbox 272 1604 497 1645; x_wconf 90' lang='lat' dir='ltr'>Librorum</span> <span class='ocrx_word' id='word_1_62' title='bbox 531 1600 690 1643; x_wconf 90' lang='lat' dir='ltr'>Laertii</span> <span class='ocrx_word' id='word_1_63' title='bbox 721 1599 794 1654; x_wconf 90' lang='lat' dir='ltr'>qui</span> <span class='ocrx_word' id='word_1_64' title='bbox 824 1598 881 1641; x_wconf 88' lang='lat' dir='ltr'>ad</span> <span class='ocrx_word' id='word_1_65' title='bbox 911 1601 1098 1640; x_wconf 90' lang='lat' dir='ltr'>aetatem</span> <span class='ocrx_word' id='word_1_66' title='bbox 1128 1599 1316 1640; x_wconf 90' lang='lat' dir='ltr'>nostram</span> <span class='ocrx_word' id='word_1_67' title='bbox 1346 1598 1706 1649; x_wconf 89' lang='lat' dir='ltr'>pervenerunt——</span> 
     </span>
     <span class='ocr_line' id='line_1_12' title="bbox 156 1661 1707 1724; baseline -0.008 -9"><span class='ocrx_word' id='word_1_68' title='bbox 156 1676 255 1716; x_wconf 88' lang='lat' dir='ltr'>sunt</span> <span class='ocrx_word' id='word_1_69' title='bbox 276 1675 434 1724; x_wconf 84' lang='lat' dir='ltr'>autem,</span> <span class='ocrx_word' id='word_1_70' title='bbox 456 1674 503 1711; x_wconf 92' lang='lat' dir='ltr'>ut</span> <span class='ocrx_word' id='word_1_71' title='bbox 523 1668 605 1711; x_wconf 91' lang='lat' dir='ltr'>hoc</span> <span class='ocrx_word' id='word_1_72' title='bbox 632 1668 774 1710; x_wconf 89' lang='lat' dir='ltr'>statim</span> <span class='ocrx_word' id='word_1_73' title='bbox 796 1666 952 1720; x_wconf 89' lang='lat' dir='ltr'>dicam,</span> <span class='ocrx_word' id='word_1_74' title='bbox 975 1664 1032 1707; x_wconf 89' lang='lat' dir='ltr'>ad</span> <span class='ocrx_word' id='word_1_75' title='bbox 1062 1677 1192 1707; x_wconf 92' lang='lat' dir='ltr'>unum</span> <span class='ocrx_word' id='word_1_76' title='bbox 1223 1676 1370 1705; x_wconf 87' lang='lat' dir='ltr'>omnes</span> <span class='ocrx_word' id='word_1_77' title='bbox 1401 1661 1707 1704; x_wconf 89' lang='lat' dir='ltr'>minuscula</span> 
     </span>
     <span class='ocr_line' id='line_1_13' title="bbox 156 1726 1706 1795; baseline -0.008 -12"><span class='ocrx_word' id='word_1_78' title='bbox 156 1755 196 1795; x_wconf 88' lang='lat' dir='ltr'>q.</span> <span class='ocrx_word' id='word_1_79' title='bbox 235 1753 275 1782; x_wconf 88' lang='lat' dir='ltr'>v.</span> <span class='ocrx_word' id='word_1_80' title='bbox 322 1739 562 1781; x_wconf 88' lang='lat' dir='ltr'>litteratura</span> <span class='ocrx_word' id='word_1_81' title='bbox 611 1734 842 1789; x_wconf 86' lang='lat' dir='ltr'>conscripti</span> <span class='ocrx_word' id='word_1_82' title='bbox 889 1756 936 1763; x_wconf 95' lang='lat'>—</span> <span class='ocrx_word' id='word_1_83' title='bbox 986 1733 1129 1776; x_wconf 90' lang='lat' dir='ltr'>nullus</span> <span class='ocrx_word' id='word_1_84' title='bbox 1180 1731 1292 1774; x_wconf 90' lang='lat' dir='ltr'>ultra</span> <span class='ocrx_word' id='word_1_85' title='bbox 1342 1729 1560 1773; x_wconf 89' lang='lat' dir='ltr'>saeculum</span> <span class='ocrx_word' id='word_1_86' title='bbox 1605 1726 1706 1772; x_wconf 89' lang='lat' dir='ltr'>XII</span> 
     </span>
     <span class='ocr_line' id='line_1_14' title="bbox 155 1800 1489 1860; baseline -0.009 -9"><span class='ocrx_word' id='word_1_87' title='bbox 155 1807 374 1860; x_wconf 83' lang='lat' dir='ltr'>ascendit3</span> <span class='ocrx_word' id='word_1_88' title='bbox 405 1805 463 1848; x_wconf 88' lang='lat' dir='ltr'>ad</span> <span class='ocrx_word' id='word_1_89' title='bbox 495 1805 577 1848; x_wconf 91' lang='lat' dir='ltr'>hoc</span> <span class='ocrx_word' id='word_1_90' title='bbox 606 1809 749 1847; x_wconf 80' lang='lat' dir='ltr'>autem</span> <span class='ocrx_word' id='word_1_91' title='bbox 781 1802 966 1858; x_wconf 88' lang='lat' dir='ltr'>pertinet</span> <span class='ocrx_word' id='word_1_92' title='bbox 995 1800 1311 1843; x_wconf 88' lang='lat' dir='ltr'>vetustissimus</span> <span class='ocrx_word' id='word_1_93' title='bbox 1343 1811 1489 1841; x_wconf 90' lang='lat' dir='ltr'>eorum</span> 
     </span>
    </p>

    <p class='ocr_par' dir='ltr' id='par_1_5' title="bbox 153 1864 1708 2748">
     <span class='ocr_line' id='line_1_15' title="bbox 270 1864 1707 1926; baseline -0.009 -7"><span class='ocrx_word' id='word_1_94' title='bbox 270 1877 304 1926; x_wconf 91' lang='lat' dir='ltr'>I)</span> <span class='ocrx_word' id='word_1_95' title='bbox 338 1873 502 1919; x_wconf 84' lang='lat' dir='ltr'>Codex</span> <span class='ocrx_word' id='word_1_96' title='bbox 532 1871 843 1917; x_wconf 87' lang='lat' dir='ltr'>Burbonicus</span> <span class='ocrx_word' id='word_1_97' title='bbox 874 1881 948 1922; x_wconf 83' lang='lat' dir='ltr'>gr.</span> <span class='ocrx_word' id='word_1_98' title='bbox 982 1867 1062 1910; x_wconf 92' lang='lat' dir='ltr'>III</span> <span class='ocrx_word' id='word_1_99' title='bbox 1092 1868 1131 1911; x_wconf 91' lang='lat' dir='ltr'>B</span> <span class='ocrx_word' id='word_1_100' title='bbox 1154 1866 1213 1912; x_wconf 73' lang='lat'>29</span> <span class='ocrx_word' id='word_1_101' title='bbox 1243 1871 1320 1914; x_wconf 81' lang='lat' dir='ltr'>(nr.</span> <span class='ocrx_word' id='word_1_102' title='bbox 1344 1864 1434 1910; x_wconf 73' lang='lat'>253</span> <span class='ocrx_word' id='word_1_103' title='bbox 1474 1867 1517 1908; x_wconf 91' lang='lat' dir='ltr'>in</span> <span class='ocrx_word' id='word_1_104' title='bbox 1550 1865 1707 1920; x_wconf 82' lang='lat' dir='ltr'>Cyrilli</span> 
     </span>
     <span class='ocr_line' id='line_1_16' title="bbox 154 1933 1708 1997; baseline -0.008 -10"><span class='ocrx_word' id='word_1_105' title='bbox 154 1945 365 1997; x_wconf 86' lang='lat' dir='ltr'>catalogo,</span> <span class='ocrx_word' id='word_1_106' title='bbox 389 1943 515 1985; x_wconf 89' lang='lat' dir='ltr'>nobis</span> <span class='ocrx_word' id='word_1_107' title='bbox 536 1941 605 1990; x_wconf 89' lang='lat' dir='ltr'>B).</span> <span class='ocrx_word' id='word_1_108' title='bbox 654 1941 773 1984; x_wconf 89' lang='lat' dir='ltr'>cuius</span> <span class='ocrx_word' id='word_1_109' title='bbox 795 1939 959 1982; x_wconf 90' lang='lat' dir='ltr'>codicis</span> <span class='ocrx_word' id='word_1_110' title='bbox 980 1938 1159 1990; x_wconf 89' lang='lat' dir='ltr'>antiqua</span> <span class='ocrx_word' id='word_1_111' title='bbox 1179 1936 1305 1979; x_wconf 90' lang='lat' dir='ltr'>sedes</span> <span class='ocrx_word' id='word_1_112' title='bbox 1328 1939 1420 1978; x_wconf 89' lang='lat' dir='ltr'>erat</span> <span class='ocrx_word' id='word_1_113' title='bbox 1440 1933 1708 1978; x_wconf 88' lang='lat' dir='ltr'>bibliotheca</span> 
     </span>
     <span class='ocr_line' id='line_1_17' title="bbox 153 2001 1705 2065; baseline -0.009 -8"><span class='ocrx_word' id='word_1_114' title='bbox 153 2012 391 2056; x_wconf 85' lang='lat' dir='ltr'>Farnesina</span> <span class='ocrx_word' id='word_1_115' title='bbox 413 2026 436 2051; x_wconf 86' lang='grc' dir='ltr'><em>α</em></span> <span class='ocrx_word' id='word_1_116' title='bbox 463 2009 575 2065; x_wconf 77' lang='lat' dir='ltr'>Capo</span> <span class='ocrx_word' id='word_1_117' title='bbox 608 2008 655 2050; x_wconf 88' lang='lat' dir='ltr'>dz&#39;</span> <span class='ocrx_word' id='word_1_118' title='bbox 678 2006 825 2049; x_wconf 80' lang='lat' dir='ltr'>Monte</span> <span class='ocrx_word' id='word_1_119' title='bbox 854 2005 968 2049; x_wconf 89' lang='lat' dir='ltr'>unde</span> <span class='ocrx_word' id='word_1_120' title='bbox 1000 2004 1082 2049; x_wconf 91' lang='lat' dir='ltr'>hoc</span> <span class='ocrx_word' id='word_1_121' title='bbox 1112 2008 1256 2048; x_wconf 88' lang='lat' dir='ltr'>nostro</span> <span class='ocrx_word' id='word_1_122' title='bbox 1289 2002 1463 2047; x_wconf 88' lang='lat' dir='ltr'>saeculo</span> <span class='ocrx_word' id='word_1_123' title='bbox 1485 2002 1530 2045; x_wconf 89' lang='lat' dir='ltr'>in</span> <span class='ocrx_word' id='word_1_124' title='bbox 1552 2001 1705 2045; x_wconf 91' lang='lat' dir='ltr'>biblio-</span> 
     </span>
     <span class='ocr_line' id='line_1_18' title="bbox 154 2069 1707 2133; baseline -0.008 -9"><span class='ocrx_word' id='word_1_125' title='bbox 154 2081 322 2124; x_wconf 86' lang='lat' dir='ltr'>thecam</span> <span class='ocrx_word' id='word_1_126' title='bbox 346 2083 659 2133; x_wconf 87' lang='lat' dir='ltr'>transportatus</span> <span class='ocrx_word' id='word_1_127' title='bbox 681 2082 746 2120; x_wconf 88' lang='lat' dir='ltr'>est</span> <span class='ocrx_word' id='word_1_128' title='bbox 776 2076 1063 2118; x_wconf 89' lang='lat' dir='ltr'>Burbonicam</span> <span class='ocrx_word' id='word_1_129' title='bbox 1095 2088 1223 2128; x_wconf 91' lang='lat' dir='ltr'>quam</span> <span class='ocrx_word' id='word_1_130' title='bbox 1247 2073 1377 2116; x_wconf 86' lang='lat' dir='ltr'>hodie</span> <span class='ocrx_word' id='word_1_131' title='bbox 1398 2069 1707 2115; x_wconf 86' lang='lat' dir='ltr'>bibliothecam</span> 
     </span>
     <span class='ocr_line' id='line_1_19' title="bbox 155 2137 1708 2193; baseline -0.008 0"><span class='ocrx_word' id='word_1_132' title='bbox 155 2150 293 2193; x_wconf 91' lang='lat' dir='ltr'>Musei</span> <span class='ocrx_word' id='word_1_133' title='bbox 336 2148 567 2192; x_wconf 86' lang='lat' dir='ltr'>nationalis</span> <span class='ocrx_word' id='word_1_134' title='bbox 613 2157 770 2189; x_wconf 86' lang='lat' dir='ltr'>vocare</span> <span class='ocrx_word' id='word_1_135' title='bbox 820 2143 996 2186; x_wconf 89' lang='lat' dir='ltr'>malunt.</span> <span class='ocrx_word' id='word_1_136' title='bbox 1057 2142 1408 2185; x_wconf 90' lang='lat' dir='ltr'>membranaceus</span> <span class='ocrx_word' id='word_1_137' title='bbox 1459 2144 1523 2183; x_wconf 85' lang='lat' dir='ltr'>est</span> <span class='ocrx_word' id='word_1_138' title='bbox 1567 2137 1708 2182; x_wconf 87' lang='lat' dir='ltr'>codex</span> 
     </span>
     <span class='ocr_line' id='line_1_20' title="bbox 153 2210 1707 2272; baseline -0.008 -11"><span class='ocrx_word' id='word_1_139' title='bbox 153 2219 379 2272; x_wconf 85' lang='lat' dir='ltr'>formaque</span> <span class='ocrx_word' id='word_1_140' title='bbox 430 2214 720 2271; x_wconf 88' lang='lat' dir='ltr'>quartanaria.</span> <span class='ocrx_word' id='word_1_141' title='bbox 801 2213 986 2267; x_wconf 87' lang='lat' dir='ltr'>paginae</span> <span class='ocrx_word' id='word_1_142' title='bbox 1029 2211 1119 2253; x_wconf 79' lang='lat' dir='ltr'>fere</span> <span class='ocrx_word' id='word_1_143' title='bbox 1164 2214 1260 2253; x_wconf 88' lang='lat' dir='ltr'>sunt</span> <span class='ocrx_word' id='word_1_144' title='bbox 1309 2210 1507 2251; x_wconf 85' lang='lat' dir='ltr'>vicenum</span> <span class='ocrx_word' id='word_1_145' title='bbox 1558 2220 1707 2250; x_wconf 89' lang='lat' dir='ltr'>senum</span> 
     </span>
     <span class='ocr_line' id='line_1_21' title="bbox 153 2276 1705 2341; baseline -0.008 -10"><span class='ocrx_word' id='word_1_146' title='bbox 153 2300 378 2341; x_wconf 89' lang='lat' dir='ltr'>versuum,</span> <span class='ocrx_word' id='word_1_147' title='bbox 423 2297 574 2328; x_wconf 87' lang='lat' dir='ltr'>versus</span> <span class='ocrx_word' id='word_1_148' title='bbox 607 2282 776 2326; x_wconf 85' lang='lat' dir='ltr'>circiter</span> <span class='ocrx_word' id='word_1_149' title='bbox 807 2281 1178 2336; x_wconf 85' lang='lat' dir='ltr'>quadragenarum</span> <span class='ocrx_word' id='word_1_150' title='bbox 1209 2282 1425 2322; x_wconf 89' lang='lat' dir='ltr'>ternarum</span> <span class='ocrx_word' id='word_1_151' title='bbox 1455 2276 1705 2319; x_wconf 89' lang='lat' dir='ltr'>litterarum.</span> 
     </span>
     <span class='ocr_line' id='line_1_22' title="bbox 154 2346 1707 2402; baseline -0.01 -2"><span class='ocrx_word' id='word_1_152' title='bbox 154 2357 344 2400; x_wconf 88' lang='lat' dir='ltr'>continet</span> <span class='ocrx_word' id='word_1_153' title='bbox 384 2354 460 2397; x_wconf 87' lang='lat' dir='ltr'>fol.</span> <span class='ocrx_word' id='word_1_154' title='bbox 495 2353 695 2394; x_wconf 62' lang='lat' dir='ltr'>1¹f—-246r</span> <span class='ocrx_word' id='word_1_155' title='bbox 725 2350 886 2392; x_wconf 88' lang='lat' dir='ltr'>Laertii</span> <span class='ocrx_word' id='word_1_156' title='bbox 918 2348 1126 2402; x_wconf 87' lang='lat' dir='ltr'>Diogenis</span> <span class='ocrx_word' id='word_1_157' title='bbox 1167 2360 1295 2401; x_wconf 87' lang='lat' dir='ltr'>opus,</span> <span class='ocrx_word' id='word_1_158' title='bbox 1337 2347 1409 2388; x_wconf 85' lang='lat' dir='ltr'>fol.</span> <span class='ocrx_word' id='word_1_159' title='bbox 1441 2346 1707 2387; x_wconf 69' lang='lat' dir='ltr'>246V—247v</span> 
     </span>
     <span class='ocr_line' id='line_1_23' title="bbox 153 2413 1707 2472; baseline -0.008 -5"><span class='ocrx_word' id='word_1_160' title='bbox 153 2426 242 2468; x_wconf 89' lang='lat' dir='ltr'>alia</span> <span class='ocrx_word' id='word_1_161' title='bbox 283 2436 412 2466; x_wconf 88' lang='lat' dir='ltr'>manu</span> <span class='ocrx_word' id='word_1_162' title='bbox 454 2424 678 2464; x_wconf 84' lang='lat' dir='ltr'>exaratum</span> <span class='ocrx_word' id='word_1_163' title='bbox 723 2424 852 2472; x_wconf 89' lang='lat' dir='ltr'>atque</span> <span class='ocrx_word' id='word_1_164' title='bbox 892 2415 1111 2460; x_wconf 89' lang='lat' dir='ltr'>Laertium</span> <span class='ocrx_word' id='word_1_165' title='bbox 1151 2415 1337 2458; x_wconf 91' lang='lat' dir='ltr'>indicem</span> <span class='ocrx_word' id='word_1_166' title='bbox 1378 2414 1499 2456; x_wconf 91' lang='lat' dir='ltr'>illum</span> <span class='ocrx_word' id='word_1_167' title='bbox 1541 2413 1707 2455; x_wconf 90' lang='lat' dir='ltr'>Plutar-</span> 
     </span>
     <span class='ocr_line' id='line_1_24' title="bbox 154 2481 1706 2545; baseline -0.009 -8"><span class='ocrx_word' id='word_1_168' title='bbox 154 2495 359 2538; x_wconf 92' lang='lat' dir='ltr'>cheorum</span> <span class='ocrx_word' id='word_1_169' title='bbox 377 2491 632 2545; x_wconf 88' lang='lat' dir='ltr'>scriptorum</span> <span class='ocrx_word' id='word_1_170' title='bbox 656 2501 782 2542; x_wconf 90' lang='lat' dir='ltr'>quem</span> <span class='ocrx_word' id='word_1_171' title='bbox 799 2487 872 2540; x_wconf 89' lang='lat' dir='ltr'>qui</span> <span class='ocrx_word' id='word_1_172' title='bbox 893 2487 1126 2529; x_wconf 86' lang='lat' dir='ltr'>fabricatus</span> <span class='ocrx_word' id='word_1_173' title='bbox 1144 2488 1208 2528; x_wconf 90' lang='lat' dir='ltr'>est</span> <span class='ocrx_word' id='word_1_174' title='bbox 1223 2498 1250 2527; x_wconf 92' lang='lat' dir='ltr'>a</span> <span class='ocrx_word' id='word_1_175' title='bbox 1265 2484 1353 2527; x_wconf 88' lang='lat' dir='ltr'>filio</span> <span class='ocrx_word' id='word_1_176' title='bbox 1372 2481 1591 2526; x_wconf 89' lang='lat' dir='ltr'>Plutarchi</span> <span class='ocrx_word' id='word_1_177' title='bbox 1609 2495 1706 2525; x_wconf 93' lang='lat' dir='ltr'>con-</span> 
     </span>
     <span class='ocr_line' id='line_1_25' title="bbox 155 2548 1707 2616; baseline -0.01 -10"><span class='ocrx_word' id='word_1_178' title='bbox 155 2563 372 2606; x_wconf 88' lang='lat' dir='ltr'>cinnatum</span> <span class='ocrx_word' id='word_1_179' title='bbox 394 2559 548 2616; x_wconf 86' lang='lat' dir='ltr'>pingui</span> <span class='ocrx_word' id='word_1_180' title='bbox 567 2556 749 2601; x_wconf 86' lang='lat' dir='ltr'>artificio</span> <span class='ocrx_word' id='word_1_181' title='bbox 772 2556 991 2599; x_wconf 88' lang='lat' dir='ltr'>simulavit</span> <span class='ocrx_word' id='word_1_182' title='bbox 1013 2554 1081 2605; x_wconf 90' lang='lat' dir='ltr'>(cf.</span> <span class='ocrx_word' id='word_1_183' title='bbox 1100 2553 1145 2596; x_wconf 81' lang='lat' dir='ltr'>G.</span> <span class='ocrx_word' id='word_1_184' title='bbox 1159 2551 1528 2596; x_wconf 86' lang='lat' dir='ltr'>Waohsmuthium</span> <span class='ocrx_word' id='word_1_185' title='bbox 1552 2548 1707 2590; x_wconf 77' lang='lat' dir='ltr'>Philol.</span> 
     </span>
     <span class='ocr_line' id='line_1_26' title="bbox 156 2618 1707 2682; baseline -0.008 -9"><span class='ocrx_word' id='word_1_186' title='bbox 156 2632 240 2673; x_wconf 87' lang='lat' dir='ltr'>vol.</span> <span class='ocrx_word' id='word_1_187' title='bbox 272 2630 381 2672; x_wconf 92' lang='lat' dir='ltr'>XIX</span> <span class='ocrx_word' id='word_1_188' title='bbox 421 2642 492 2682; x_wconf 84' lang='lat' dir='ltr'>pg.</span> <span class='ocrx_word' id='word_1_189' title='bbox 528 2628 609 2667; x_wconf 89' lang='lat'>577</span> <span class='ocrx_word' id='word_1_190' title='bbox 650 2638 804 2679; x_wconf 81' lang='lat' dir='ltr'>proxx.</span> <span class='ocrx_word' id='word_1_191' title='bbox 847 2629 889 2666; x_wconf 88' lang='lat' dir='ltr'>et</span> <span class='ocrx_word' id='word_1_192' title='bbox 929 2624 1084 2666; x_wconf 89' lang='lat' dir='ltr'>Dielsii</span> <span class='ocrx_word' id='word_1_193' title='bbox 1124 2621 1326 2674; x_wconf 68' lang='lat' dir='ltr'>Dooeoqr.</span> <span class='ocrx_word' id='word_1_194' title='bbox 1359 2634 1430 2675; x_wconf 87' lang='lat' dir='ltr'>pg.</span> <span class='ocrx_word' id='word_1_195' title='bbox 1462 2622 1546 2668; x_wconf 87' lang='lat'>27).</span> <span class='ocrx_word' id='word_1_196' title='bbox 1582 2618 1707 2660; x_wconf 90' lang='lat' dir='ltr'>initio</span> 
     </span>
     <span class='ocr_line' id='line_1_27' title="bbox 154 2686 1707 2748; baseline -0.008 -6"><span class='ocrx_word' id='word_1_197' title='bbox 154 2702 297 2742; x_wconf 85' lang='lat' dir='ltr'>autem</span> <span class='ocrx_word' id='word_1_198' title='bbox 330 2697 561 2740; x_wconf 86' lang='lat' dir='ltr'>Laertiana</span> <span class='ocrx_word' id='word_1_199' title='bbox 602 2694 777 2748; x_wconf 88' lang='lat' dir='ltr'>scriptio</span> <span class='ocrx_word' id='word_1_200' title='bbox 819 2692 970 2736; x_wconf 90' lang='lat' dir='ltr'>mutila</span> <span class='ocrx_word' id='word_1_201' title='bbox 1010 2698 1094 2747; x_wconf 88' lang='lat' dir='ltr'>est,</span> <span class='ocrx_word' id='word_1_202' title='bbox 1137 2692 1173 2735; x_wconf 91' lang='lat' dir='ltr'>si</span> <span class='ocrx_word' id='word_1_203' title='bbox 1215 2690 1389 2746; x_wconf 90' lang='lat' dir='ltr'>quidem</span> <span class='ocrx_word' id='word_1_204' title='bbox 1429 2686 1707 2742; x_wconf 88' lang='lat' dir='ltr'>inscriptione</span> 
     </span>
    </p>
   </div>
  </div>
 </body>
</html>
