1861 3229
792 157 988 194 Praefatio.
1625 157 1645 193 7
1654 156 1675 192 7

121 277 175 320 28
197 275 376 320 comiter
402 274 580 330 largitus
611 278 695 330 est3
726 275 965 320 Joannes
987 274 1260 325 Graeven,
1292 274 1366 330 qui
1389 287 1458 318 me
1480 273 1535 317 de
1561 274 1668 318 locis

121 344 380 401 quibusdam
410 343 503 387 cod.
526 343 628 388 Urb.
650 357 712 398 gr.
740 346 819 387 109
847 344 1070 388 certiorem
1099 343 1226 399 fecit3
1257 348 1477 400 postremo
1509 343 1668 397 insigni

121 413 205 457 sibi
244 425 314 456 me
355 412 591 456 devinxere
629 412 893 467 benignitate
939 413 1207 455 Henricus
1247 411 1460 466 Omont,
1509 411 1665 455 biblio·

119 480 276 525 thecae
305 480 527 524 Parisinae
558 480 749 534 antistes,
790 493 870 524 nec
903 494 987 523 non
1016 480 1399 523 Maximilianus
1433 473 1661 533 Dvofflk,

119 550 330 606 principis
365 563 392 592 a
426 548 680 593 Lobkowitz
718 552 915 592 strenuus
954 547 1321 592 bibliothecarius.
1384 547 1538 603 quibus
1575 562 1663 592 om-

117 617 245 662 nibus
265 618 370 661 viris
392 616 711 661 humanissimis
731 629 810 671 pro
832 616 1120 671 singularibus
1146 616 1190 658 in
1211 629 1279 659 me
1306 617 1468 660 meritis
1501 618 1663 672 gratias

119 686 203 731 hoc
231 687 328 730 loco
358 685 608 741 persolvere
639 685 769 728 liceat
798 698 927 739 quam
957 684 1259 739 amplissimas.
1305 684 1491 739 denique
1521 686 1663 739 ingra-

116 755 310 799 tissimus
332 766 485 807 essem,
517 753 600 796 nisi
631 754 760 796 etiam
790 753 895 796 viris
926 753 1207 797 summatibus
1240 753 1313 808 qui
1344 753 1662 807 Albrechti,

116 822 373 878 ¹*professoris
410 822 454 864 in
492 821 608 865 alma
637 821 929 865 Universitate
960 822 1175 877 Lipsiensi
1216 823 1318 867 olim
1358 822 1661 876 inlustrissimi,

118 892 308 946 legatum
340 889 603 946 dispensant,
634 889 785 934 laudes
815 895 1045 947 gratesque
1076 904 1161 946 qua
1190 905 1270 947 par
1300 896 1365 935 est
1395 903 1568 946 agerem
1599 904 1660 934 re-

118 959 325 1004 verentia.

232 1028 508 1084 Plagularum
530 1028 877 1084 corrigendarum
898 1030 1089 1073 laborem
1109 1042 1275 1073 mecum
1298 1029 1507 1073 sustinere
1524 1029 1662 1072 voluit

119 1096 386 1140 Ricardus
407 1096 656 1154 Schulze‚
678 1098 892 1153 gymnasii
912 1097 1131 1141 Budissini
1151 1097 1382 1153 professor,
1404 1103 1658 1153 praeceptor

111 1164 380 1221 carissimus,
412 1166 629 1209 veteribus
659 1179 817 1210 novum
847 1166 1032 1221 benigne
1061 1166 1254 1210 adiciens
1286 1166 1554 1210 beneficium.
