1861 3229
149 164 230 201 120
740 160 908 204 Edgarus
934 159 1094 195 Martini.

145 283 261 323 recte
292 292 319 331 γ
355 279 420 329 (cf.
452 275 634 319 Ahrens.
666 273 738 316 De
768 273 866 317 dial.
897 274 1009 317 Dor.
1038 289 1110 331 pg.
1145 276 1243 327 112)
1280 277 1478 330 γίγνεται
1516 275 1551 317 Β
1587 273 1602 330 ΙΙ
1641 271 1695 318 αὖ

145 349 274 400 τέχνα
297 347 336 389 U
367 341 551 386 αὗτέκνα
574 343 612 386 V
634 356 644 384 ε
668 340 695 384 ἆ
716 345 846 396 τέχνα
866 344 931 396 γΒ
954 343 968 398 ΙΙ
995 347 1044 385 17
1079 338 1275 386 εὗσεῑται
1296 345 1354 385 d:
1378 341 1575 386 ἐσσεῖται
1598 343 1663 396 γΒ
1684 341 1696 398 Η

145 417 198 458 20
230 411 380 464 ἀξίους
403 409 593 462 ἐκείνους
615 412 673 454 d:
697 409 730 454 ἒ.
753 407 793 455 ἀ.
815 412 880 466 γΒ
903 410 917 467 ΙΙ
941 414 993 453 22
1025 412 1125 467 τῆνι
1151 413 1210 453 d:
1231 412 1338 470 τῆνο
1359 412 1423 465 γΒ
1446 411 1461 466 ΙΙ
1483 414 1615 454 τείνω
1636 413 1694 453 d:

143 481 256 537 τήνω
286 481 350 532 γΒ
373 478 388 534 ΙΙ
410 480 483 521 καὶ
516 475 826 534 ἀνθρωπίζειν
854 483 885 522 d
911 495 920 522 ε
950 475 1299 535 κ’ἀνθρωπίζειν
1329 495 1358 534 γ
1388 476 1695 534 ἀνθρωπίζειν

141 552 253 592 recte
284 548 319 591 B
342 546 357 603 ΙΙ
380 549 434 591 28
469 546 665 600 σκωλιὰς
696 550 727 591 d
755 563 764 592 ε
795 546 960 599 κωλιὰς
989 562 1017 602 γ
1046 547 1225 603 κοχλίας
1254 552 1371 592 recte
1401 548 1436 591 B
1459 547 1474 602 ΙΙ
1498 543 1608 591 &W
1635 550 1667 590 d
1684 563 1693 592 :

141 615 251 667 ἀῖὅξ
280 632 308 670 γ
340 607 448 660 αὖον
480 623 598 662 reete
630 620 665 661 B
689 618 704 673 ΙΙ
728 622 780 662 35
813 617 957 661 εἰπεῖν
987 614 1195 672 ἡράκλεις
1225 620 1257 659 d
1279 632 1289 660 :
1312 613 1517 674 ἡράκλεις
1549 616 1694 660 εἰπεῖν

139 688 202 740 γΒ
225 686 239 742 ΙΙ
263 689 316 728 47
351 684 504 743 δεήσει
535 687 566 727 d
593 700 603 728 ε
637 684 789 742 δεήσοι
809 687 872 739 γΒ
896 685 910 741 ΙΙ
935 688 986 729 60
1021 683 1238 739 ἐπινομὴς
1268 687 1300 726 ό
1327 699 1336 726 :
1369 683 1577 738 ἐπινομὶς
1597 686 1661 738 γΒ
1682 683 1694 741 Η

139 753 189 810 [l.
214 755 251 798 V
284 758 419 798 totam
451 756 476 806 ἐ
500 756 553 796 49
584 769 669 799 om.
699 757 730 796 d
756 759 829 807 (=
851 756 945 805 UV·)
968 768 976 792 ε
999 753 1160 797 habent
1189 768 1217 807 γ
1246 756 1316 804 (=
1340 754 1397 803 D)
1427 757 1469 796 et
1499 751 1572 808 B]

254 823 471 879 Reputato
515 822 595 867 hoc
634 826 767 866 tanto
793 823 864 878 qui
904 823 1015 865 inter
1052 822 1223 865 codices
1255 821 1294 865 U
1327 825 1368 864 et
1402 821 1435 863 V
1466 821 1693 865 intercedit

141 905 353 935 consensu
384 893 635 946 procliviter
665 892 760 946 quis
792 891 987 935 codicem
1018 891 1056 935 U
1088 895 1133 934 ut
1164 891 1374 934 iuniorem
1404 904 1459 934 ex
1479 890 1518 933 V
1538 905 1692 947 propa-

140 963 288 1014 gatum
310 973 407 1003 esse
430 959 676 1004 crediderit.
727 959 842 1013 quod
874 972 928 1002 ne
959 964 1195 1002 statuamus
1228 959 1370 1002 obstat
1399 959 1470 1001 vel
1501 959 1546 1002 id
1577 959 1692 1014 quod

143 1028 177 1069 V
210 1028 353 1071 hiatus
386 1027 595 1082 quosdam
634 1028 840 1070 orationis
874 1027 1004 1070 habet
1034 1042 1061 1070 a
1090 1028 1200 1070 libro
1232 1027 1270 1070 U
1300 1027 1479 1069 alienos.
1540 1028 1691 1081 paucis

140 1096 353 1150 exemplis
384 1096 604 1149 defungar.
665 1095 692 1136 1.
716 1095 809 1136 120
842 1095 884 1136 in
907 1094 944 1136 V
974 1095 1134 1137 omissa
1164 1098 1262 1137 sunt
1293 1094 1426 1136 verba
1457 1089 1559 1135 οὔτε
1591 1093 1689 1136 δια-

140 1161 338 1218 λεκτικήν
381 1176 476 1206 cum
517 1163 560 1204 in
592 1162 632 1206 U
670 1162 890 1216 legantur;
952 1162 1125 1205 maioris
1166 1161 1354 1204 ambitus
1392 1161 1548 1205 lacuna
1578 1163 1621 1205 in
1651 1162 1690 1205 V

138 1236 279 1274 exstat
308 1232 335 1272 l.
368 1231 388 1272 I
420 1232 472 1271 27
507 1230 579 1272 ubi
611 1229 914 1272 desiderantur
944 1230 1161 1273 vocabula
1191 1227 1309 1284 πλὴν
1341 1224 1409 1271 ὅτ’
1447 1228 1511 1279 εἰς
1541 1229 1689 1285 Αἴγυ-

136 1314 249 1341 πτον
288 1295 437 1340 ἐλθών
468 1305 564 1347 τοῖς
606 1296 773 1352 ἱερεῦσι
805 1295 1133 1353 συνδιέτριψεν.
1195 1293 1217 1340 ὁ
1253 1296 1301 1340 δὲ
1327 1293 1584 1353 Ἱερώνυμος
1613 1298 1688 1341 καὶ

137 1366 402 1422 ἐκμετρῆσαί
442 1381 580 1422 φησιν
620 1360 757 1407 αὐτὸν
787 1363 870 1414 τὰς
900 1365 1161 1421 πυραμίδας
1193 1364 1238 1408 ἐκ
1268 1368 1347 1422 τῆς
1380 1368 1508 1416 σκιᾶς
1538 1383 1687 1421 παρα-

135 1433 406 1492 τηρήσαντα,
439 1448 550 1490 quae
581 1435 624 1477 in
647 1434 684 1478 U
707 1447 784 1477 suo
816 1434 912 1476 loco
934 1433 1222 1477 inveniuntur.
1271 1448 1316 1478 re
1348 1435 1409 1477 ita
1439 1438 1688 1489 comparata

135 1505 269 1546 libros
293 1504 370 1546 UV
393 1517 448 1545 ex
471 1503 623 1545 eodem
646 1503 847 1555 exemplo
879 1503 946 1555 (155
980 1502 1161 1546 fortasse
1193 1503 1357 1545 saeculi
1379 1502 1479 1553 XII)
1509 1501 1686 1546 fluxisse

136 1570 398 1623 censendum
428 1575 504 1613 est.

249 1639 300 1681 In
332 1638 458 1681 huius
499 1639 689 1693 exempli
720 1643 981 1693 postremam
1014 1644 1181 1691 partem
1215 1652 1364 1692 quam,
1405 1653 1500 1681 cum
1532 1639 1569 1680 V
1599 1639 1685 1681 iam

134 1708 160 1749 l.
185 1706 244 1749 VI
267 1709 321 1749 66
350 1706 613 1759 terminetur,
648 1718 703 1749 ex
731 1719 817 1749 uno
848 1705 887 1749 U
918 1706 1230 1760 cognoscimus,
1264 1707 1409 1761 paullo
1440 1706 1685 1750 adcuratIus

134 1774 437 1829 inquirendum
480 1779 557 1817 est.
618 1775 805 1829 pertinet
846 1774 958 1816 enim
1000 1774 1077 1816 illa
1107 1787 1190 1816 non
1222 1776 1308 1817 iam
1339 1774 1396 1817 ad
1427 1775 1608 1818 classem
1641 1788 1683 1829 a,

132 1843 210 1887 sed
233 1843 289 1886 ad
312 1844 493 1887 classem
515 1842 546 1894 β
571 1841 656 1895 vel,
689 1846 735 1884 ut
764 1840 1021 1895 ambagibus
1054 1842 1195 1886 missis
1228 1842 1331 1897 quid
1362 1843 1425 1886 rei
1456 1843 1511 1886 sit
1542 1844 1684 1887 statim

130 1911 293 1966 dicam,
335 1911 532 1953 derivata
571 1916 636 1953 est
676 1924 731 1953 ex
762 1910 871 1952 libro
904 1910 938 1951 B
971 1915 1176 1954 correcto.
1239 1911 1356 1965 quod
1387 1911 1577 1955 dilucide
1609 1911 1682 1955 de-

130 1979 356 2023 monstrari
395 1983 538 2034 potest
580 1991 662 2033 ope
702 1979 866 2033 primae
897 1980 925 2021 l.
949 1979 990 2020 X
1022 1980 1158 2034 partis
1194 1981 1260 2029 (ἐξ
1294 1979 1462 2032 1-16).
1524 1981 1683 2023 etenim

130 2048 260 2091 habet
290 2048 318 2090 l.
341 2048 382 2090 X
409 2051 425 2089 1
464 2046 665 2089 διελθεῖν
698 2060 806 2090 unus
837 2047 954 2089 B⁶0rr
975 2072 1029 2078 -
1051 2053 1093 2090 et
1114 2047 1154 2091 U
1184 2048 1253 2097 (cf.
1287 2048 1417 2091 etiam
1447 2061 1597 2103 appar.
1627 2048 1682 2093 ab

130 2115 321 2158 Usenero
363 2120 616 2169 congestum
658 2113 834 2169 Epicur.
867 2128 938 2169 pg.
963 2118 1189 2169 359sqq.);
1237 2118 1262 2156 2
1304 2114 1399 2156 ἰδία
1440 2112 1532 2156 ἀπο
1570 2119 1682 2163 (cum

126 2184 327 2236 fenestra)
359 2181 439 2240 τὴν
471 2187 513 2227 et
549 2196 633 2237 mg.
667 2182 816 2225 λείπει
848 2187 893 2226 ut
932 2183 1097 2238 aliquid
1138 2183 1290 2227 deesse
1330 2182 1592 2238 significaret
1622 2183 1681 2225 B:

127 2251 239 2294 unde
267 2256 363 2295 orta
385 2251 479 2295 cod.
504 2251 543 2295 U
565 2251 695 2295 lectio
727 2249 823 2294 ἰδία
855 2247 1103 2294 ἀπολείπει
1135 2249 1234 2307 τὴν;
1268 2254 1293 2292 5
1323 2246 1542 2308 ἧδομενέα
1572 2264 1680 2295 unus

127 2320 161 2363 B
186 2344 234 2350 —
263 2325 304 2364 et
333 2320 396 2376 U;
442 2322 465 2361 7
496 2321 597 2374 βίον
629 2333 709 2363 0111.
745 2334 854 2365 unus
886 2320 921 2363 B
946 2344 995 2350 —
1021 2324 1063 2364 et
1095 2320 1157 2375 U;
1198 2323 1223 2364 9
1255 2320 1343 2363 τῶν
1381 2316 1465 2376 γὰρ
1506 2313 1681 2374 ἀνδρῶν

127 2389 259 2432 habet
290 2390 333 2431 in
364 2393 486 2432 textu
508 2389 591 2430 B1:
623 2389 666 2430 in
698 2403 782 2442 mg.
815 2402 909 2444 pos.
942 2390 1097 2444 singul.
1129 2390 1357 2433 lectionem
1389 2402 1567 2444 pravam
1602 2389 1681 2431 τοῦ

127 2453 288 2512 ἀνδρὸς
319 2458 448 2513 B⁰⁰¹¹‚
482 2471 610 2513 quam
642 2458 807 2513 recepit
835 2457 896 2512 U;
933 2461 982 2500 14
1017 2459 1126 2502 inter
1153 2455 1292 2514 μηνὸς
1314 2463 1356 2501 et
1385 2457 1465 2514 τῆς
1494 2471 1678 2502 vacuum

127 2528 311 2581 spatium
352 2527 477 2569 unius
519 2531 562 2569 et
601 2526 716 2580 quod
750 2526 924 2569 excedit
954 2540 1105 2570 versus
1136 2527 1369 2582 reliquerat
1399 2527 1476 2568 B¹:
1521 2541 1680 2567 παπυ-

128 2593 289 2642 λεῶνος
320 2591 486 2650 ἑβδόμη
521 2624 707 2636 .....
741 2592 886 2636 ἔτεσιν
923 2591 1109 2649 ὕστερον
1140 2595 1361 2651 supplevit
1391 2594 1520 2647 B⁰0¹1,
1562 2592 1679 2647 quod

127 2662 472 2716 supplementum
514 2663 828 2717 qualecumque
869 2667 934 2707 est
965 2668 1107 2708 exstat
1137 2664 1180 2707 in
1211 2662 1372 2708 codicis
1404 2663 1443 2707 U
1475 2665 1678 2705 contextu
