1861 3229
168 161 248 199 142
762 158 929 204 Edgarus
954 159 1114 196 Martini.

169 277 344 329 B(PL)‹s
367 275 383 331 ΙΙ
417 279 495 318 144
533 283 628 325 τοῖς
665 273 815 331 λόγοις
845 275 912 327 Τγ
949 290 958 318 :
998 272 1044 316 ἐν
1085 274 1235 331 λόγοις
1266 277 1336 320 Βό
1359 275 1375 332 ΙΙ
1403 293 1476 320 τοι
1511 280 1716 331 τοιοῦτος

169 347 236 398 Τγ
266 361 275 387 :
306 345 508 393 τοιοῦτος
545 348 660 387 recte
700 344 735 386 B
775 359 848 385 τοι
880 337 1009 393 οὗτος
1046 345 1078 384 d
1094 342 1109 398 ΙΙ
1131 344 1196 388 III
1234 348 1281 387 11
1332 340 1432 387 ἀλλ’
1475 347 1542 400 Τγ
1580 363 1589 391 :
1631 362 1714 392 om.

167 414 246 456 Bd
279 411 295 467 H
341 414 390 454 16
435 404 485 461 ὗς
523 410 572 454 δὲ
609 406 656 454 ὗί
692 412 760 466 Τγ
799 428 808 455 :
848 406 898 462 ὗς
936 410 984 454 δέ
1021 413 1112 470 θην
1151 408 1199 456 ὖί
1238 418 1352 458 recte
1394 415 1426 455 d
1459 408 1509 465 ὗς
1547 414 1595 459 δὲ
1624 418 1715 474 θη-

165 488 258 524 νυεῑ
287 481 336 523 Β.

278 550 404 593 Hanc
434 554 599 593 tantam
630 551 795 594 codicis
826 551 863 593 T
894 564 990 594 cum
1021 549 1186 594 familia
1215 564 1244 603 γ
1273 552 1547 595 concordiam
1578 566 1714 608 usque

163 617 220 661 ad
242 617 370 661 finem
393 617 615 661 Laertiani
646 619 789 674 operis
819 618 1053 674 perdurare
1083 622 1312 674 sequentes
1342 619 1442 663 libri
1464 619 1506 663 X
1527 620 1714 665 ineuntis

163 687 372 730 lectiones
403 688 510 731 satis
542 687 836 732 demonstrant
870 689 939 740 (cf.
970 688 1153 733 Useneri
1184 686 1359 742 Epicur.
1391 702 1461 744 pg.
1486 692 1569 733 359
1580 692 1712 745 sqq.):

278 755 321 798 X
349 758 368 798 1
405 753 495 798 ἐκεῖ
523 755 604 810 μὲν
635 757 702 810 Τγ
723 772 732 799 :
755 754 922 800 ἕκείθει
953 757 987 800 Β
1019 755 1179 811 (ἐκεῖθι
1209 756 1297 809 PL)
1321 754 1336 813 ΙΙ
1359 759 1385 798 4
1414 764 1510 808 τοῖς
1542 755 1714 800 δώδεκα

162 832 259 875 τοῖς
288 826 356 879 Ty
386 841 395 868 ι
429 833 522 875 τοῖς
555 824 789 868 &andenam
819 827 906 868 τῶν
935 827 970 869 Β
1010 825 1124 881 (τοῖς
1155 823 1325 868 δώδεκα
1355 826 1444 869 τῶν
1472 826 1562 880 PL)
1591 827 1606 881 ΙΙ
1636 828 1715 882 τῆς

161 883 220 935 κδ
237 894 305 946 Τγ
326 909 335 936 :
357 900 452 943 τοῖς
483 884 539 936 κδ
556 895 591 937 Β
620 896 713 951 (τῆς
736 893 911 944 εἰκάδος
942 908 1022 937 em.
1055 895 1326 945 Huebnerus)
1348 893 1363 950 ΙΙ
1386 898 1410 936 5
1443 895 1581 952 φησὶν
1613 896 1680 949 Ty
1701 911 1711 938 ι

165 962 300 1018 φίλον
331 963 366 1005 Β
406 962 420 1015 ΙΙ
464 959 735 1017 ἀναγνόντας
776 977 849 1005 σοι
888 964 955 1015 Τγ
990 978 998 1003 :
1038 957 1274 1017 ἀναγνόντι
1307 979 1329 1003 2«
1370 968 1412 1007 et
1441 977 1497 1008 ss.
1530 978 1605 1007 σοι
1634 964 1712 1020 B²;

165 1032 220 1072 Β1
262 1031 366 1085 quid
410 1030 580 1072 dederit
624 1031 850 1073 obscurum
898 1025 1186 1084 (ἀναγνόντας
1229 1044 1309 1072 σου
1340 1031 1390 1080 Ρ)
1436 1031 1451 1083 ΙΙ
1494 1031 1714 1082 θεόδοτος

163 1099 230 1151 Τγ
259 1114 269 1141 :
300 1095 533 1153 θεόδωρος
563 1097 598 1139 Β
621 1096 634 1151 ss
660 1100 684 1140 9
715 1098 795 1140 τοῦ
826 1095 874 1139 δὲ
907 1092 1068 1151 ἀνδρὸς
1099 1098 1136 1140 Τ
1166 1097 1246 1139 τοῦ
1283 1091 1325 1139 d‘
1362 1091 1523 1153 ἀνδρὸς
1542 1112 1572 1153 γ
1591 1113 1601 1139 :
1623 1100 1712 1142 τῶν

159 1165 244 1222 γὰρ
268 1161 441 1221 ἀνδρῶν
462 1165 519 1207 Β1
549 1165 629 1207 τοῦ
661 1159 823 1221 ἀνδρὸς
844 1166 903 1208 Β2
932 1166 1013 1220 (τῷ
1042 1163 1126 1220 γὰρ
1158 1160 1287 1220 ἀνδρὶ
1319 1179 1400 1210 em.
1433 1166 1712 1220 Gassendus).

274 1234 363 1278 Sed
394 1233 502 1277 haec
538 1234 642 1277 satis
684 1238 823 1277 sunto.
882 1233 1064 1290 adparet
1102 1235 1348 1279 interiorem
1386 1237 1712 1281 consensionem

158 1303 427 1347 intercedere
448 1303 558 1345 inter
579 1301 773 1346 codicem
796 1303 834 1345 T
855 1307 898 1346 et
918 1303 1128 1347 familiam
1149 1317 1178 1357 γ
1206 1308 1253 1347 ut
1283 1303 1447 1359 ambigi
1478 1305 1554 1348 vix
1575 1306 1714 1361 possit

160 1371 262 1426 quin
293 1371 456 1414 codicis
488 1370 525 1412 T
558 1371 790 1413 memoriae
820 1370 1150 1414 fundamentum
1180 1371 1308 1414 fuerit
1336 1372 1560 1427 exemplar
1589 1372 1711 1415 fami-

158 1441 244 1483 liae
265 1453 293 1492 γ
323 1440 631 1494 (nuncupemus
660 1438 744 1482 hoc
779 1440 832 1489 τ).
889 1440 1008 1494 puris
1039 1444 1183 1483 autem
1215 1439 1341 1483 huius
1372 1440 1563 1483 familiae
1594 1441 1711 1484 testi-

160 1508 239 1551 bus
261 1521 315 1550 ne
336 1508 491 1550 librum
513 1508 550 1549 T
572 1507 867 1551 adscribamus
888 1512 1101 1563 repugnat
1121 1507 1238 1563 quod
1259 1507 1329 1552 hic
1350 1521 1433 1552 non
1454 1509 1582 1552 nullis
1603 1509 1712 1553 locis

161 1590 258 1620 cum
299 1576 386 1619 illis
425 1575 646 1620 codicibus
688 1575 869 1619 dissidet
907 1589 1090 1632 cumque
1127 1576 1228 1620 aliis
1266 1576 1388 1620 libris
1427 1576 1549 1621 facit:
1596 1577 1709 1621 unde

159 1648 280 1698 patet
310 1644 504 1687 codicem
536 1657 562 1684 τ
592 1645 839 1699 priusquam
870 1645 980 1687 liber
1006 1645 1043 1686 T
1075 1658 1131 1687 ex
1161 1657 1213 1687 eo
1244 1644 1571 1700 describeretur,
1603 1646 1710 1689 mul-

159 1716 248 1754 tum
270 1712 481 1767 pristinae
504 1712 761 1766 integritatis
782 1714 980 1757 amisisse
1001 1712 1182 1756 aliorum
1213 1713 1420 1755 librorum
1442 1713 1710 1767 contagione.

158 1780 201 1821 in
234 1780 390 1834 quibus
421 1779 711 1822 numerandus
751 1785 816 1824 est
854 1782 975 1824 testis
1005 1781 1164 1836 aliquis
1194 1781 1388 1824 familiae
1421 1782 1453 1821 d*
1478 1782 1598 1824 cuius
1628 1782 1707 1823 ali-

157 1861 285 1902 quam
318 1847 478 1890 multae
510 1847 718 1892 lectiones
749 1850 951 1905 propriae
988 1853 1063 1892 aut
1101 1849 1144 1891 in
1181 1849 1275 1903 ipso
1306 1848 1405 1892 libri
1436 1849 1473 1892 T
1504 1852 1707 1892 contextu

155 1915 384 1958 verborum
422 1919 497 1958 aut
537 1916 580 1958 in
620 1917 815 1972 margine
854 1917 1020 1960 librarii
1052 1929 1180 1959 manu
1210 1917 1455 1972 adscriptae
1487 1917 1707 1972 leguntur:

154 1997 208 2027 ex
249 1997 334 2039 quo
373 1983 559 2027 efficitur
598 1988 645 2028 ut
686 1998 759 2028 eas
798 1999 883 2028 non
923 1986 978 2029 ab
1015 1985 1205 2039 Georgio
1236 1984 1529 2040 Hermonymo
1568 1986 1708 2041 primo

152 2052 409 2106 advocatas,
450 2053 528 2095 sed
568 2053 654 2095 iam
694 2054 737 2095 in
778 2054 979 2108 exemplo
1021 2066 1105 2107 quo
1145 2053 1218 2095 ille
1258 2053 1458 2095 utebatur
1488 2054 1708 2096 exstitisse

154 2121 465 2164 existimemus.
528 2120 782 2175 significabo
814 2125 959 2165 autem
990 2121 1180 2176 potiores
1211 2120 1238 2162 l.
1269 2120 1290 2162 I
1321 2124 1364 2164 et
1393 2120 1435 2163 II
1465 2120 1583 2164 locos
1615 2112 1705 2175 qui-

152 2190 230 2232 bus
262 2190 299 2232 T
331 2189 569 2243 singularia
598 2188 791 2232 familiae
823 2191 855 2230 d
881 2189 988 2231 vitia
1018 2189 1250 2243 expromit:

266 2258 287 2299 I
317 2261 343 2298 4
382 2256 680 2312 κοσμολογίαν
726 2261 830 2300 text.
878 2258 971 2300 T1d
1010 2272 1019 2299 :
1065 2258 1359 2311 κοσμογονίαν
1407 2270 1490 2311 mg.
1525 2257 1614 2309 le
1654 2255 1707 2311 [B

150 2323 343 2380 mancus]
383 2325 398 2378 ΙΙ
435 2326 650 2379 γενέσθαι
681 2340 765 2379 mg.
804 2326 897 2368 Tld
931 2342 940 2369 :
980 2327 1205 2381 γεγονέναι
1237 2329 1340 2368 text.
1377 2325 1466 2377 le
1497 2325 1550 2375 [ss
1587 2338 1705 2367 man-

151 2396 246 2445 cus]
270 2391 285 2448 ΙΙ
309 2396 363 2437 23
384 2394 567 2450 μερικῆς
590 2407 673 2448 mg.
698 2395 790 2437 Tld
806 2410 815 2437 :
838 2394 999 2449 μικρᾶς
1021 2397 1124 2437 text.
1147 2393 1281 2435 ΤΙΒῈἸ
1302 2397 1429 2442 recte,
1454 2393 1613 2449 μικρῆς
1634 2393 1673 2435 D
1693 2390 1708 2449 ΙΙ

149 2465 198 2505 61
255 2457 415 2516 ἀγυιὰς
465 2460 567 2503 ταδὶ
615 2462 687 2504 Td
726 2478 735 2504 ε
783 2460 1049 2517 αιγιασταόη
1098 2461 1131 2503 Β
1186 2457 1323 2516 ἇγυάς
1367 2460 1470 2504 ταδὶ
1514 2475 1543 2514 γ
1596 2463 1705 2513 (Λι-

148 2528 376 2586 γυαστάδη
419 2543 499 2573 em.
540 2530 718 2586 Bergk.)
754 2529 768 2586 ΙΙ
804 2531 848 2574 II
878 2533 931 2574 65
977 2525 1272 2584 ὗπεπράξατο
1312 2545 1397 2585 mg.
1428 2531 1555 2573 T1d':
1589 2527 1706 2571 εἰσε-

149 2597 352 2654 πράξατο
385 2597 486 2654 ΒγΗ
514 2601 593 2642 120
622 2598 998 2657 προσεσκωφθώς
1019 2600 1090 2642 Τό
1106 2615 1115 2642 :
1137 2593 1477 2656 προσεσκώφθη
1511 2597 1558 2640 δὲ
1588 2601 1706 2640 recte

149 2668 184 2711 B
216 2666 580 2725 προσεσκωφθὸς
610 2683 638 2723 γ
669 2669 683 2722 ΙΙ
722 2671 798 2713 123
835 2667 1061 2725 νικάψορα
1101 2669 1172 2711 Td
1207 2685 1216 2712 :
1256 2667 1492 2722 νεικάτορα
1514 2667 1549 2709 Β
1581 2664 1704 2710 νικά-
