1861 3229
161 162 239 201 162
759 158 928 204 Edgarus
951 158 1111 195 Martini.

158 278 413 322 admoverit.
474 274 585 317 forte
616 278 761 317 autem
792 275 965 318 fortuna
996 276 1243 331 exemplum
1277 273 1392 317 unde
1424 274 1495 317 hic
1530 287 1609 317 sua
1638 274 1712 317 de-

158 346 341 399 sumpsit
378 342 708 386 adcuratissime
748 341 955 386 denotare
1001 343 1114 386 licet.
1183 356 1274 386 rem
1314 343 1439 387 nobis
1480 355 1575 386 esse
1615 354 1713 385 cum

158 416 266 455 teste
304 410 454 465 aliquo
493 409 690 453 familiae
720 423 749 463 γ
788 409 892 454 satis
931 411 1188 466 perspicitur
1230 423 1284 454 ex
1324 409 1392 454 his
1424 410 1590 454 duabus
1621 423 1711 454 cor-

156 479 438 523 rectionibus:
471 479 543 522 1.Ι
569 480 648 521 116
681 479 755 522 W¹
789 479 988 523 exaravit
1019 477 1083 528 εἰς
1114 476 1357 534 ὀλυμπίαν,
1390 479 1462 522 W3
1493 483 1637 522 autem
1668 479 1713 521 in

155 547 350 602 margine
391 547 538 601 posuit
577 548 834 602 scripturam
873 544 922 596 ἐξ
949 541 1177 601 ὀλυμπίοις
1216 560 1327 603 quae
1365 547 1448 590 nisi
1478 547 1522 589 in
1553 546 1710 590 codici-

154 616 233 658 bus
249 615 443 658 familiae
460 627 489 668 γ
506 618 549 658 et
569 615 681 659 libro
693 616 729 659 Τ
748 629 843 660 cum
862 615 943 660 hac
959 616 1126 660 familia
1142 620 1233 660 arte
1251 616 1478 660 coniuncto
1496 628 1581 659 non
1598 628 1711 659 com-

154 687 300 739 paret;
334 682 493 727 deinde
526 683 620 726 1.ΙΙ
644 686 723 727 126
746 685 818 727 W3
844 684 901 728 ad
932 685 1112 729 verbum
1144 682 1416 734 πλεύσαντες
1446 685 1490 727 in
1520 684 1713 738 margine

154 751 329 796 addidit
373 751 449 794 καὶ
491 751 820 807 συγγενόμενοιε
867 766 977 808 quae
1016 754 1164 809 inepta
1203 753 1479 808 interpolatio
1519 752 1563 794 in
1608 750 1713 795 solis

156 821 280 864 libris
318 821 511 863 familiae
543 833 571 873 γ
609 823 677 871 (ne
710 822 753 863 in
785 822 821 863 T
854 820 1044 876 quidem)
1084 822 1312 864 invenitur.
1372 822 1400 864 l.
1432 821 1453 862 I
1484 822 1538 861 64
1569 822 1713 863 autem

158 889 233 932 W3
258 882 442 945 ἄριστον
466 890 746 933 commutavit
774 890 817 932 in
849 884 1056 946 ἆρεστόν;
1089 903 1200 946 quae
1230 904 1366 946 prava
1395 889 1523 934 lectio
1555 888 1598 931 in
1629 900 1712 931 uno

160 959 310 1002 codice
342 959 377 1000 F
409 961 573 1012 prostat
612 962 657 999 ut
696 957 885 1001 dubitari
926 972 1011 1001 non
1048 960 1186 1012 possit
1216 959 1318 1012 quin
1350 958 1449 1001 hinc
1479 957 1714 1010 scripturae

161 1041 188 1069 a
218 1025 293 1068 W3
332 1023 657 1068 commendatae
693 1025 858 1067 accitae
890 1025 985 1068 sint.
1046 1024 1169 1068 vides
1210 1026 1342 1080 igitur
1372 1022 1554 1068 eandem
1585 1024 1713 1078 plane

159 1095 270 1136 inter
295 1093 347 1135 W
379 1096 421 1135 et
450 1092 485 1133 F
517 1091 784 1135 intercedere
816 1092 1025 1134 rationem
1057 1105 1185 1145 quam
1216 1092 1251 1134 L
1292 1093 1402 1135 inter
1432 1096 1475 1135 et
1505 1093 1560 1135 P:
1591 1092 1711 1134 nimi-

159 1174 252 1203 rum
282 1160 392 1203 alter
423 1159 480 1202 ad
514 1160 698 1203 alterum
730 1163 947 1203 correctus
980 1164 1055 1203 est.

271 1227 479 1271 Codicem
510 1225 552 1269 H
592 1240 764 1282 quoque
805 1228 858 1270 iis
899 1227 1216 1272 accensendum
1256 1240 1352 1271 esse
1391 1228 1513 1271 libris
1552 1228 1626 1282 qui
1657 1241 1712 1271 ex

158 1295 308 1340 codice
331 1296 366 1338 P
387 1294 592 1338 fluxerint
622 1296 705 1338 viri
737 1295 853 1339 docti
885 1297 1156 1339 consentiunt
1186 1295 1255 1347 (cf.
1277 1294 1573 1339 Wachsmuth.
1604 1293 1713 1336 Mus.

159 1363 294 1407 Rhen.
334 1365 418 1408 vol.
452 1363 603 1407 XXIX
644 1378 716 1419 pg.
751 1366 833 1408 355
874 1368 917 1408 et
951 1362 1148 1419 Corpuse.
1174 1377 1291 1420 poes.
1330 1364 1412 1406 lud.
1448 1362 1523 1406 Gr.
1553 1378 1625 1420 pg.
1659 1365 1711 1406 53

158 1446 237 1476 nec
257 1446 342 1476 non
365 1433 547 1476 Useneri
569 1431 745 1485 Epicur.
776 1446 848 1488 pg.
869 1434 962 1483 XI).
1023 1447 1118 1476 cum
1140 1446 1243 1477 vero
1273 1446 1414 1488 neque
1446 1432 1546 1476 huic
1573 1445 1712 1487 neque

158 1502 224 1544 illi
255 1501 518 1555 argumentis
550 1513 640 1543 rem
672 1502 867 1545 stabilire
896 1503 1068 1546 licuerit
1097 1506 1275 1557 propter
1305 1502 1435 1557 spatii
1458 1502 1709 1555 exilitatem,

158 1570 309 1623 paucis
331 1569 497 1621 saltem,
528 1581 582 1610 ne
603 1569 731 1612 nimis
752 1569 978 1613 adcrescat
999 1570 1125 1613 huius
1157 1570 1529 1614 commentationis
1561 1569 1711 1622 moles,

159 1636 273 1681 hunc
304 1636 448 1680 locum
480 1636 702 1691 attingam.

274 1705 477 1747 Manasse
504 1704 700 1747 codicem
721 1704 761 1745 H
784 1717 839 1747 ex
870 1705 980 1747 libro
1012 1706 1046 1747 P
1078 1706 1149 1748 vel
1181 1719 1234 1748 ex
1267 1718 1318 1748 eo
1349 1704 1515 1758 liquido
1547 1708 1714 1746 constat

158 1771 275 1827 quod
298 1772 341 1814 in
364 1772 502 1814 fronte
525 1773 636 1826 gerit
658 1771 921 1826 locupletem
941 1773 1062 1815 illum
1084 1778 1213 1827 atque
1244 1772 1544 1827 perantiquum
1574 1770 1713 1826 philo·

156 1840 390 1895 sophorum
431 1839 616 1883 indicem
658 1853 770 1894 quae
813 1844 877 1884 est
918 1841 1149 1895 peculiaris
1189 1839 1351 1884 codicis
1383 1839 1418 1881 P
1450 1844 1492 1883 et
1531 1839 1713 1893 insignis

156 1909 233 1952 dos
267 1909 466 1958 (omissus
509 1913 574 1951 est
606 1909 648 1950 in
690 1908 810 1952 libris
842 1906 936 1960 QW
967 1909 1112 1952 nescio
1145 1910 1233 1960 cur)
1275 1912 1318 1952 et
1353 1907 1468 1962 quod
1499 1908 1527 1950 l.
1557 1907 1600 1950 II
1635 1909 1713 1949 102

155 1977 369 2021 scholium
415 1976 525 2019 illud
568 1976 698 2019 habet
738 1975 881 2031 quode
911 1989 982 2032 pg.
1011 1980 1088 2019 150
1120 1977 1321 2021 diximus.
1383 1980 1526 2020 tamen
1557 1989 1712 2020 memo-

154 2047 262 2089 riam
287 2044 379 2089 eius
401 2046 551 2100 paullo
575 2045 827 2101 diligentius
851 2046 1100 2089 examinare
1133 2059 1156 2089 e
1187 2060 1232 2090 re
1254 2046 1378 2090 nobis
1402 2044 1573 2089 videtur
1603 2058 1712 2100 esse,

153 2114 232 2158 sed
271 2114 333 2157 ita
375 2118 422 2156 ut
464 2118 629 2157 tantum
670 2115 877 2158 librorum
909 2114 930 2156 I
962 2120 1004 2157 et
1035 2114 1075 2155 II
1114 2116 1324 2158 rationem
1360 2114 1610 2157 habeamus.
1671 2115 1714 2156 in

153 2182 308 2235 quibus
343 2181 465 2224 libris
497 2182 693 2225 codicem
725 2182 765 2224 H
798 2195 894 2225 cum
926 2182 960 2224 P
992 2182 1253 2226 concordare
1283 2182 1614 2225 adversantibus
1646 2195 1713 2225 co-

109 2303 114 2310 .
153 2248 324 2292 dicibus
356 2249 490 2291 BLar
521 2249 588 2293 his
620 2250 796 2293 invenio
828 2251 955 2294 locis:

268 2317 298 2359 l.
329 2317 349 2359 I
378 2319 431 2359 26
463 2317 675 2361 κιόίσθον
697 2319 738 2361 Η
768 2317 980 2361 κίδισθον
1002 2319 1311 2372 Ρ1εκίβισθον
1333 2320 1368 2362 Β
1399 2322 1603 2373 κίβισσον
1624 2319 1717 2361 Lar

153 2387 208 2430 P⁵
241 2383 498 2441 (Κύβισθον
522 2387 558 2439 P)
591 2387 602 2442 ΙΙ
633 2391 686 2429 50
718 2385 958 2445 θαλάσσης
988 2387 1066 2430 ΗΡ
1097 2403 1106 2430 :
1135 2385 1328 2445 χαλάζης
1358 2388 1489 2432 ΒΕατ
1517 2386 1530 2443 ss
1561 2390 1613 2431 62
1644 2403 1716 2430 τε-

152 2449 400 2512 φρώσαντα
443 2455 553 2511 ΗΡρ
586 2471 595 2498 :
627 2453 948 2512 τεφρώσαντας
988 2455 1131 2499 BLaT
1176 2454 1188 2511 ΙΙ
1234 2458 1286 2500 68
1333 2455 1527 2513 ἐλεγείαν
1566 2458 1674 2514 ΗΡρ
1706 2472 1716 2500 :

154 2522 325 2579 ἐλεγεῖα
356 2524 464 2566 ΒαΤ
509 2522 521 2579 ΙΙ
568 2525 622 2566 83
666 2518 900 2568 &wewam
931 2525 1009 2568 ΗΡ
1040 2540 1049 2568 :
1083 2519 1344 2569 εὐσθενείαν
1374 2527 1410 2570 Β
1455 2520 1717 2569 εὐσθένειαν

152 2596 269 2636 recte
301 2605 358 2633 ατ
398 2590 410 2645 ΙΙ
452 2595 527 2635 111
565 2589 752 2649 φάσγων
783 2593 893 2650 ΗΡρ
925 2609 934 2636 :
968 2593 1143 2650 φλέγων
1174 2599 1289 2639 recte
1319 2595 1355 2638 B
1388 2593 1574 2651 σφάγων
1608 2591 1717 2645 γΠΤ

155 2660 360 2715 σφλέγων
380 2660 414 2703 V
432 2658 444 2715 ΙΙ
464 2664 544 2704 113
562 2660 708 2704 παῖδα
732 2659 943 2714 αἰσχύνας
964 2662 1080 2717 quod
1096 2663 1151 2705 P¹
1170 2663 1291 2707 dedit
1312 2662 1526 2707 transfixit
1545 2661 1716 2705 lineolis
