1861 3229
743 143 919 179 Analecta
942 142 1150 178 Laertiana.
1634 142 1654 177 1
1665 141 1685 176 7
1693 140 1715 177 3

168 260 284 303 tione
316 264 360 303 ut
389 260 595 304 iudicium
626 260 767 303 facere
797 260 1024 315 possimus,
1058 259 1298 313 paullulum
1330 257 1437 300 mihi
1465 254 1711 309 exspatian-

170 327 272 372 dum
304 332 380 372 est.
411 326 710 372 Bessar10nem
732 328 925 372 Platonis
957 332 1000 370 et
1028 327 1368 370 amantissimum
1399 325 1532 369 fuisse
1566 325 1609 366 et
1640 334 1714 376 pe—

168 396 416 440 ritissimum
447 410 542 440 cum
570 397 744 440 aliunde
776 399 1040 451 compertum
1073 395 1301 449 habemus,
1333 400 1422 438 tum
1456 393 1714 437 documento

170 468 236 507 est
264 464 513 519 primarium
545 465 636 508 eius
658 478 766 520 opus
787 465 855 508 cui
878 464 948 507 hic
968 462 1100 506 index
1120 465 1389 519 praepositus
1422 466 1486 505 est
1517 461 1567 501 In
1599 458 1714 500 calu-

170 532 417 573 mniatorem
447 533 639 574 Platonis
671 534 739 586 (cf.
768 530 1040 586 Bernhardyi
1076 529 1307 573 Grundriss
1338 530 1377 574 d.
1413 528 1584 573 Grieclz.
1608 527 1713 569 Litt.

171 600 210 642 15
244 599 386 657 [1892]
419 615 490 657 pg.
515 604 593 644 791
629 605 671 645 et
692 601 853 656 Voigtii
875 602 901 644 l.
944 599 1031 641 Die
1063 598 1305 642 Wz'ederbel.
1336 599 1374 643 d.
1406 600 1526 641 class.
1561 596 1715 637 Altert.

169 670 230 712 ΙΙ3
263 667 405 725 [1893]
437 684 506 724 pg.
533 672 641 720 155).
703 669 757 713 de
788 670 870 713 hae
900 682 947 712 re
974 682 1101 723 quem
1131 667 1188 711 ad
1218 667 1345 711 finem
1377 666 1711 711 commonuerim

171 737 292 780 brevi
324 738 495 781 senties.
557 738 690 780 verba
727 742 871 780 autem
903 736 1072 780 Graeca
1116 748 1247 789 supra
1285 734 1459 778 laudata
1499 735 1713 789 pertinent

171 805 228 848 ad
260 806 583 849 celeberrimum
615 805 723 847 illud
763 805 1031 860 epigramma
1067 806 1341 847 monumento
1381 802 1524 845 Midae
1564 801 1712 844 inscri-

170 876 291 926 ptum
329 872 444 926 quod
476 885 560 914 non
591 873 697 914 nulli
727 872 914 926 antiquis
945 872 1210 927 temporibus
1250 870 1306 914 ad
1347 869 1601 914 Cleobulum
1641 883 1714 912 au-

171 943 334 983 ctorem
355 939 606 983 referebant.
658 939 703 983 id
733 939 829 995 plus
860 940 999 983 minus
1031 941 1242 995 integrum
1264 938 1380 995 apud
1402 939 1610 994 plurimos
1642 950 1714 980 ve-

172 1013 308 1052 terum
329 1009 583 1064 scriptorum
613 1008 792 1053 traditur
823 1009 892 1061 (cf.
915 1009 1092 1064 Pregeri
1113 1008 1273 1065 Sylloq.
1296 1008 1539 1063 epigramm.
1568 1003 1716 1047 Graec.

171 1090 242 1132 pg.
266 1078 377 1128 233).
437 1090 489 1120 ac
518 1077 679 1120 Laertli
717 1078 890 1132 quidem
929 1078 1100 1121 codices
1144 1078 1335 1121 unanimi
1375 1076 1586 1131 praebent
1617 1069 1708 1116 ’ἐστ’

171 1137 225 1187 ἂν
254 1138 371 1200 ὕδωρ
403 1161 452 1187 τε
473 1145 548 1202 ῥέη
566 1146 770 1197 (BPL20cc
792 1147 951 1202 quique
974 1160 996 1190 e
1015 1147 1048 1189 P
1071 1146 1245 1190 deducti
1267 1150 1363 1189 sunt
1385 1145 1484 1188 libri
1503 1142 1711 1197 QWHRAu

170 1226 249 1256 nec
264 1214 388 1256 aliter
406 1215 478 1267 qui
499 1214 556 1256 ad
577 1214 618 1256 H
639 1214 819 1258 redeunt
840 1215 1010 1259 codices
1027 1216 1142 1270 IEY3
1167 1215 1220 1256 L¹
1244 1216 1456 1267 mancus);
1489 1225 1600 1267 quae
1625 1224 1713 1254 me-

173 1282 309 1325 moria
334 1282 462 1326 etiam
493 1283 610 1338 apud
640 1283 849 1338 quosdam
879 1285 989 1328 alios
1021 1285 1249 1339 scrIptores
1282 1282 1471 1326 Graecos
1504 1281 1710 1335 occurrit3

172 1350 249 1391 alii
264 1350 454 1392 vicissim
470 1351 745 1405 suppeditant
758 1346 848 1393 ἔστ’
873 1345 925 1393 ἂν
947 1350 1064 1407 ὕδωρ
1082 1367 1130 1393 τε
1151 1350 1247 1406 νάῃ.
1272 1351 1353 1394 soli
1376 1350 1499 1392 Plato
1513 1348 1716 1400 (Phaedr.

172 1430 212 1472 p.
236 1417 382 1468 2641))
399 1417 687 1474 Libaniusque
705 1421 761 1470 (v.
779 1419 800 1461 Ι
815 1433 885 1474 pg.
901 1422 982 1463 619
995 1420 1061 1471 R.)
1103 1420 1311 1474 praebent
1328 1411 1436 1473 ὄφρ’
1463 1409 1515 1459 ἂν
1532 1411 1651 1471 ὕδωρ
1668 1431 1716 1458 τε

175 1483 270 1540 νάῃ.
331 1486 416 1529 iam
447 1481 600 1529 sentin'
637 1500 710 1530 cur
743 1488 1008 1531 Bessarionis
1040 1487 1276 1531 studiorum
1299 1486 1619 1529 Platonicorum
1651 1486 1712 1527 in-

174 1553 348 1596 iecerim
388 1554 678 1597 mentionem?
723 1569 878 1611 nempe
926 1555 1157 1599 cardinalis
1206 1555 1399 1598 Platonis
1457 1554 1712 1608 scriptorum

173 1622 498 1676 scientissimus,
539 1636 634 1667 cum
675 1624 1019 1669 emendationem
1058 1638 1180 1668 suam
1221 1625 1332 1668 libro
1364 1624 1451 1666 ullo
1483 1623 1710 1666 Laertiano

172 1688 493 1745 deprompsisse
523 1696 720 1746 nequeat,
754 1692 950 1736 Cleobuli
981 1706 1152 1736 versum
1193 1693 1430 1736 correxisse
1463 1692 1709 1735 existiman-

173 1757 252 1801 dus
285 1763 349 1803 est
379 1760 558 1802 Platone
588 1765 774 1815 auctore,
808 1774 933 1815 quem
966 1762 1008 1804 in
1037 1762 1234 1804 Phaedro
1268 1775 1343 1815 pro
1376 1757 1469 1802 ἔστ)
1508 1752 1560 1801 ἂν
1591 1754 1709 1814 ὕδωρ

172 1840 220 1867 τε
251 1825 325 1882 ῥέῃ
358 1827 564 1872 exhibere
596 1824 703 1884 ὄφρ’
740 1821 793 1870 ἂν
823 1824 941 1883 ’ὕδωρ
972 1845 1020 1871 τε
1051 1828 1131 1885 νάῃ
1164 1830 1370 1872 memoria
1400 1833 1577 1871 teneret.

285 1894 418 1937 Porro
450 1896 716 1939 Bessarionis
748 1898 1047 1952 supplementa
1077 1899 1360 1952 speculemur.
1421 1898 1447 1938 1.
1470 1897 1490 1938 Ι
1515 1900 1565 1938 10
1598 1896 1708 1938 fora-

171 1960 284 2004 mine
315 1963 459 2006 nescio
482 1976 565 2017 quo
598 1968 721 2018 pacto
755 1969 845 2008 orto
868 1966 1104 2020 intercepta
1126 1970 1190 2009 est
1211 1966 1364 2008 vocula
1394 1981 1494 2007 τινα
1527 1969 1569 2007 et
1586 1964 1708 2007 verbi

171 2024 534 2086 ἀποτελεσθῆναι
555 2032 694 2087 prima
713 2033 924 2088 particula
955 2030 1065 2086 (ἀπ).
1116 2035 1275 2079 adiecit
1305 2035 1347 2077 in
1379 2034 1572 2088 margine
1606 2033 1708 2076 Bes-

171 2097 313 2141 sarion
343 2105 538 2141 παντοῖα
570 2094 661 2142 ἀπο
693 2105 739 2143 ut
759 2102 971 2155 legeretur
994 2101 1083 2158 ζῷα
1105 2111 1301 2146 παντοῖα
1326 2100 1708 2159 ἀποτελεσθῆναι.

168 2164 245 2207 sed
284 2178 337 2208 ne
376 2166 457 2211 hoc
496 2167 668 2222 quidem
714 2170 1058 2223 supplementum
1105 2185 1159 2215 ex
1200 2173 1310 2216 libro
1350 2173 1438 2215 ullo
1480 2171 1708 2214 Laertiano

168 2233 349 2276 accitum
383 2247 477 2278 esse
508 2240 659 2289 potest,
693 2250 787 2279 cum
819 2242 949 2282 testes
970 2239 1136 2281 BPLocv
1165 2240 1341 2292 (additis
1366 2240 1574 2293 QWHRlc
1596 2239 1711 2287 IEY)

168 2303 425 2346 conveniant
446 2302 499 2347 de
520 2304 703 2349 lectione
726 2300 816 2357 ζῶα
845 2323 946 2351 τινα
976 2301 1356 2366 ἀποτελεσθῆναι.
1408 2309 1512 2365 quid
1543 2307 1711 2352 multa?

168 2371 235 2413 vir
273 2372 641 2425 praeclarissimus
680 2388 829 2418 vocem
860 2385 1056 2419 παντοῖα
1096 2392 1150 2421 ex
1192 2393 1320 2423 sensu
1351 2381 1436 2423 loci
1468 2377 1708 2432 supplevit;

168 2436 262 2482 ἀπο
302 2444 446 2484 autem
485 2440 602 2485 nullo
645 2444 817 2498 negotio
858 2444 1042 2500 adipisci
1088 2451 1257 2502 poterat
1297 2461 1393 2491 cum
1434 2448 1711 2502 superessent

167 2509 336 2553 litterae
368 2508 676 2566 οτελεσθῆναι.
695 2537 750 2543 —-
767 2512 924 2557 deinde
946 2515 1174 2559 Bessarion
1197 2516 1359 2561 hiatum
1379 2518 1564 2573 replevit
1595 2518 1621 2560 l.
1646 2518 1711 2561 III

169 2578 214 2631 (d
228 2592 251 2623 e
271 2578 534 2631 Platonel)
552 2583 575 2632 ξ
593 2582 660 2623 60.
712 2595 795 2637 quo
817 2583 912 2627 loco
944 2583 1142 2629 librarius
1166 2586 1369 2630 omiserat
1385 2588 1519 2631 verba
1539 2589 1616 2646 τῆς
1634 2584 1711 2645 ὀγ-

167 2647 273 2705 δόης
303 2645 475 2706 ἡγεῖται
496 2648 761 2708 Κλειτοφῶν
791 2645 817 2709 ἢ
839 2653 1189 2707 Προτρεπτικός,
1223 2650 1384 2708 ἠθικός
1404 2670 1431 2699 a
1452 2657 1712 2704 Bessarione
