1861 3229
135 194 215 230 122
730 190 898 233 Edgarus
923 190 1080 224 Martini.

134 309 259 352 huius
291 306 566 352 correctionis
604 319 688 348 non
730 306 773 348 in
804 305 947 360 priore
978 309 1143 347 tantum
1174 304 1335 346 Laertii
1367 304 1509 358 operis
1540 309 1678 359 parte,

132 378 210 422 sed
249 378 377 420 etiam
418 375 462 417 in
501 374 739 429 posteriore
779 378 896 418 certa
931 373 1236 428 luculentaque
1277 376 1448 415 exstent
1478 373 1678 428 vestigia,

132 448 412 488 correctorem
453 448 619 497 septem
660 444 821 497 primos
857 443 989 486 libros
1030 455 1124 484 cum
1164 441 1299 484 tribus
1333 441 1455 484 libris
1489 454 1544 484 ex
1575 442 1678 486 Bur·

130 513 281 556 bonico
314 511 348 553 B
379 511 530 554 accitis
561 511 605 553 in
637 513 838 567 exemplo
870 512 901 552 d
927 512 1013 554 iam
1044 509 1267 565 copulatos
1298 509 1554 564 repperisse.

242 579 364 630 Quae
386 580 561 622 sirecte
585 579 819 635 disputavi,
851 594 977 635 porro
1010 577 1314 632 conligendum
1345 582 1410 621 est
1441 580 1632 633 exempli
1653 581 1685 620 d

130 652 367 692 extremam
398 647 655 702 particulam
688 648 819 692 libros
843 647 1044 691 VIII—X
1075 646 1433 702 complectentem
1463 646 1679 690 noviciam

127 716 274 760 fuisse.
326 721 520 759 veterem
541 717 655 759 enim
687 718 848 761 codicis
879 719 910 757 d
935 720 1102 771 partem
1125 717 1169 766 (l.
1193 715 1369 766 1—V11)
1391 714 1679 759 addicendam

128 798 224 829 esse
246 786 422 829 saeculo
439 784 527 827 XII
542 785 614 827 vel
636 785 766 828 etiam
783 785 915 840 priori
936 784 1035 827 libri
1052 783 1089 827 V
1105 787 1246 827 aetate
1268 782 1449 826 adfatim
1464 783 1678 837 arguitur3

129 858 416 897 correctorem
456 857 600 896 autem
639 853 802 897 codicis
834 853 868 895 B
900 854 1071 898 saeculo
1102 852 1206 895 XIV
1237 851 1553 906 adsignandum
1586 864 1680 895 esse

128 923 343 977 scriptura
372 922 464 965 eius
495 922 599 965 satis
631 920 843 965 declarat:
886 923 1078 977 sequitur
1109 925 1155 963 ut
1186 925 1400 964 extremos
1431 924 1516 964 tres
1547 921 1680 964 libros

131 991 323 1044 exempli
353 991 385 1030 d
411 990 585 1032 saeculo
616 989 722 1032 XIV
754 995 936 1033 exeunte
968 991 1038 1033 vel
1069 989 1151 1032 XV
1183 990 1354 1032 ineunte
1393 989 1451 1031 ad
1490 994 1680 1033 veterem

130 1062 298 1113 partem
328 1057 563 1101 accessisse
595 1057 834 1100 credamus.
896 1071 981 1111 quo
1019 1058 1133 1100 facto
1165 1057 1309 1099 nescio
1341 1057 1436 1111 quis
1468 1062 1681 1100 corrector

131 1131 266 1169 totum
307 1126 463 1168 librum
495 1126 527 1165 ό
558 1124 616 1167 ad
656 1125 849 1168 codicem
888 1125 1080 1167 familiae
1110 1138 1139 1176 γ
1178 1123 1475 1167 conformavit.
1541 1126 1679 1168 consi-

131 1194 277 1235 milem
300 1193 512 1234 fortunam
536 1193 730 1246 perpessi
753 1197 850 1235 sunt
871 1206 967 1236 cum
988 1193 1064 1234 alii
1095 1192 1218 1234 multi
1250 1191 1421 1235 codices
1453 1196 1540 1234 tum
1572 1193 1681 1235 inter

129 1261 381 1302 Laertianos
413 1260 525 1302 liber
555 1260 602 1301 F.

244 1327 396 1371 Codex
443 1325 479 1370 Ο
526 1340 655 1382 quem
701 1327 853 1371 intima
899 1342 994 1371 cum
1043 1327 1264 1371 codicibus
1304 1328 1382 1372 UV
1426 1330 1681 1383 cognatione

128 1398 338 1440 sociatum
362 1408 457 1438 esse
481 1396 629 1439 tabula
655 1394 690 1437 C
706 1396 985 1452 demonstrat,
1017 1410 1113 1440 cum
1145 1397 1263 1441 vitiis
1295 1398 1485 1441 familiae
1506 1410 1535 1450 γ
1564 1411 1680 1452 pror·

128 1478 200 1508 sus
241 1464 443 1506 immunis
488 1464 543 1506 sit
580 1465 833 1519 lacunisque
872 1466 970 1509 libri
1002 1466 1041 1509 U
1083 1469 1277 1519 (quarum
1308 1467 1577 1520 amplissima
1605 1467 1683 1508 illa

132 1538 197 1576 est
219 1545 330 1588 quae
354 1535 494 1574 exstat
515 1532 543 1574 l.
565 1532 630 1574 III
654 1534 705 1574 13
729 1537 771 1575 61;
796 1537 847 1575 14
867 1534 941 1577 ubi
964 1535 1098 1577 verba
1117 1533 1189 1575 καὶ
1216 1534 1323 1587 περὶ
1354 1534 1442 1575 τῶν
1475 1531 1605 1576 ἰδεῶν
1628 1557 1682 1562 —-

133 1603 241 1655 περί
272 1594 315 1640 τ’
355 1595 532 1653 ἀγαθοῦ
564 1600 732 1649 desunt)
764 1607 922 1655 careat,
956 1616 1052 1645 cum
1081 1603 1118 1644 V
1149 1607 1292 1645 autem
1324 1601 1555 1645 concordet
1586 1616 1682 1645 con·

133 1670 338 1723 cinatque
379 1667 532 1721 plane,
573 1681 629 1710 ex
661 1667 742 1711 hoc
772 1682 823 1711 ac
852 1683 938 1712 non
970 1683 1025 1712 ex
1055 1670 1165 1713 libro
1194 1669 1235 1713 U
1267 1670 1475 1724 originem
1507 1669 1683 1712 duxisse

133 1734 449 1779 existimandus
481 1739 559 1778 est.

250 1803 550 1846 Correctiones
574 1817 702 1846 manu
723 1818 750 1846 a
771 1805 947 1848 librario
979 1805 1153 1849 diversa
1182 1810 1373 1861 patratas
1403 1806 1503 1848 libri
1523 1806 1564 1849 U
1586 1810 1628 1849 et
1649 1805 1684 1849 O

132 1873 351 1916 continent
378 1871 532 1923 nulla3‚
564 1873 849 1924 paucissimas
872 1873 927 1916 V:
961 1887 1067 1928 quas
1099 1888 1154 1917 ex
1177 1874 1415 1928 exemplari
1445 1874 1639 1917 familiae
1658 1887 1687 1926 γ

129 1939 341 1983 adductas
363 1951 457 1981 esse
480 1939 585 1982 satis
607 1945 775 1983 constat
795 1942 980 1985 lectione
1012 1938 1180 1995 ἄνομον
1211 1956 1289 1997 pro
1321 1937 1537 1996 ἄγνωμον,
1570 1942 1685 1996 quod

129 2008 185 2049 Vl
218 2007 410 2057 dederat,
443 2006 470 2047 l.
503 2006 522 2048 I
552 2009 601 2047 71
636 2009 845 2052 restituta.

248 2073 414 2125 Quibus
446 2075 634 2127 peractis
665 2076 725 2118 nil
755 2077 840 2119 iam
873 2082 938 2120 est
977 2078 1091 2131 quod
1131 2078 1186 2119 de
1226 2078 1363 2120 classe
1395 2090 1424 2116 α
1453 2077 1686 2131 adiungam

129 2143 212 2186 nisi
244 2142 350 2197 hoc,
390 2155 487 2185 cum
529 2144 775 2198 exemplum
806 2157 834 2196 γ
871 2145 927 2187 ad
959 2145 1178 2188 saeculum
1207 2144 1315 2186 XIII
1353 2146 1425 2188 vel
1464 2146 1593 2188 etiam
1630 2145 1688 2188 ad

130 2212 249 2266 prius
280 2215 471 2265 tempus,
514 2212 546 2251 d
572 2215 715 2254 autem
746 2212 803 2255 ad
833 2213 919 2255 XII
958 2213 1176 2256 saeculum
1217 2213 1433 2267 pertinere
1472 2213 1687 2267 probabili

132 2279 462 2321 ratiocinatione
493 2279 689 2322 adsecuti
720 2281 875 2335 simus,
917 2282 1125 2334 originem
1162 2281 1277 2323 illius
1317 2281 1421 2324 satis
1452 2282 1539 2324 alte
1569 2294 1688 2325 rece-

129 2346 234 2390 dere
266 2347 340 2397 (sc.
371 2345 435 2388 XI
475 2346 497 2389 3>
519 2348 546 2398 ).

698 2465 737 2504 2.
770 2463 842 2506 De
875 2464 1057 2507 classe
1087 2463 1128 2515 β.

246 2552 425 2595 Constat
464 2552 616 2597 classis
646 2553 678 2606 β
716 2558 762 2597 ut
801 2567 932 2609 supra
968 2554 1061 2598 dixi
1103 2567 1159 2598 ex
1198 2567 1281 2598 uno
1322 2554 1471 2599 codice
1502 2555 1551 2608 B,
1588 2554 1690 2609 quia

131 2619 200 2662 hic
242 2621 352 2663 liber
392 2621 509 2664 solus
556 2622 678 2664 nulla
717 2636 813 2665 cum
853 2623 1020 2665 familia
1056 2636 1086 2662 α
1125 2622 1233 2665 vitia
1272 2622 1404 2666 habet
1435 2623 1688 2666 communia.

132 2699 271 2740 neque
303 2700 407 2730 vero
440 2687 640 2732 hocloco
663 2702 775 2744 quae
807 2689 851 2731 in
882 2702 933 2733 eo
955 2694 1137 2745 peccata
1157 2695 1254 2733 sunt
1284 2691 1455 2745 singula
1485 2689 1690 2744 deinceps
