1861 3229
181 212 237 251 90
779 210 945 255 Edgarus
969 210 1130 246 Martini.

296 329 546 371 Inscribitur
575 327 733 369 fol.11:
778 328 1009 381 Λαερτίου
1051 325 1275 381 διογένους
1314 329 1410 380 βίοι
1448 329 1522 371 καὶ
1552 329 1727 383 γνῶμαι

180 397 268 439 τῶν
301 393 345 438 ἒν
384 393 660 452 φιλοσόφοις
698 389 1083 452 εὐδοκιμησάντων
1121 394 1195 437 καὶ
1231 395 1322 436 τῶν
1352 393 1513 453 ἑκάστη
1556 395 1726 453 αἱρέσει

182 462 458 519 ἀρεσκόντων
481 462 527 506 ἐν
548 461 754 519 ἐπιτόμω
777 460 1005 520 συναγωγὴ
1027 464 1141 515 (sic)·
1160 462 1366 520 διῄρηται
1385 462 1436 507 τὸ
1464 463 1727 521 σύγγραμμα

180 531 245 582 εἷς
273 531 457 586 βίβλους
488 530 605 575 δέκα.
665 534 903 589 insequitur
940 533 1085 577 brevis
1125 533 1200 576 ille
1239 534 1457 577 nominum
1486 532 1621 577 index
1652 534 1727 589 qui

179 602 222 643 in
253 602 327 643 fol.
351 600 409 643 AV
431 601 596 645 codicis
618 601 652 644 P
677 603 845 657 legitur.
905 602 977 645 fol.
1001 604 1043 642 21
1072 603 1213 657 ipsum
1245 615 1417 657 quoque
1447 602 1727 656 inscriptione

178 673 375 712 ornatum
397 673 483 713 est:
514 673 748 725 Λαερτίου
771 670 996 726 διογένους
1014 673 1110 725 βίοι
1129 671 1204 713 καὶ
1224 671 1397 726 γνῶμαι
1416 671 1506 713 τῶν
1528 667 1572 712 ἓν
1594 669 1727 726 φιλο-

180 740 322 794 σοφία
363 732 751 795 εὐδοκιμησάντων
790 740 864 782 καὶ
903 740 991 780 τῶν
1033 737 1192 796 ἑκάστη
1234 738 1403 793 αἱρέσει
1436 732 1726 792 ἀρεσκόντων.

177 805 252 849 fol.
280 808 406 850 1753.Τ
427 807 716 865 subscriptum
739 812 803 853 est
833 810 986 864 (paene
1007 808 1194 853 evanida
1215 808 1464 864 scriptura):
1495 809 1728 862 Λαερτίου

181 875 409 930 διογένους
438 879 551 931 βίων
580 877 654 919 καὶ
688 876 920 932 δογμάτων
951 866 1220 935 συναγωγᾝς
1250 874 1354 933 τῶν]
1378 875 1441 926 εἰς
1472 875 1576 918 δέκα
1609 873 1727 932 [ἐπί-

179 942 370 1001 κουρος].

299 1013 522 1067 Scriptura
566 1013 728 1057 codicis
760 1015 813 1057 W
843 1028 947 1058 sane
978 1029 1105 1070 quam
1151 1015 1290 1058 nitida
1335 1014 1605 1069 diligensque
1650 1018 1726 1057 est.

183 1081 417 1124 dolendum
466 1080 548 1124 hoc
593 1082 730 1124 solum
776 1082 892 1137 quod
938 1083 1137 1125 librarius
1181 1086 1464 1124 atramentum
1507 1082 1730 1136 usurpavit

180 1148 484 1193 flavissimum:
516 1148 630 1192 unde
652 1148 808 1193 factum
835 1154 899 1192 est
920 1154 966 1192 ut
992 1151 1205 1205 scriptura
1234 1150 1378 1192 multis
1409 1149 1591 1193 subinde
1622 1149 1730 1192 locis

179 1222 254 1259 aut
300 1230 471 1269 prorsus
516 1221 795 1260 evanesceret
839 1222 901 1266 (ut
939 1218 1083 1260 statim
1122 1218 1196 1260 fol.
1228 1219 1270 1269 2)
1309 1223 1384 1261 aut
1423 1219 1575 1260 saltem
1615 1218 1729 1260 lectu

179 1284 437 1327 difficillima
474 1284 692 1327 evaderet.
761 1286 830 1328 cui
868 1286 1142 1329 incommodo
1173 1285 1340 1329 mederi
1378 1284 1541 1329 studuit
1580 1286 1617 1329 is
1656 1285 1729 1339 qui

178 1353 400 1408 pigmento
429 1353 578 1407 paullo
610 1353 857 1396 obscuriore
888 1358 1058 1397 veteres
1088 1355 1327 1396 litterarum
1360 1353 1513 1396 ductus
1542 1352 1727 1395 redinte-

178 1434 303 1476 grare
334 1426 512 1465 conatus
545 1426 610 1465 est
639 1419 763 1473 (W2).
825 1435 965 1477 neque
996 1435 1100 1465 vero
1139 1434 1449 1477 usquequaque
1480 1422 1520 1464 ei
1551 1421 1730 1476 contigit

179 1494 226 1532 ut
256 1502 368 1544 quae
399 1490 599 1533 librarius
632 1489 813 1533 dederat
842 1490 1165 1545 adsequeretur.
1216 1505 1239 1531 ν
1261 1488 1576 1546 ἐφελκυστικόν
1600 1490 1728 1532 libra·

179 1559 269 1601 rius
301 1563 400 1601 ante
431 1559 606 1602 vocales
636 1563 799 1601 tantum
831 1572 915 1602 non
946 1572 1129 1614 semper,
1170 1571 1302 1613 saepe
1338 1559 1467 1602 etiam
1499 1562 1599 1601 ante
1630 1571 1729 1602 con-

180 1632 382 1670 sonantes
413 1627 625 1670 adhibuit.
687 1643 703 1668 ι
733 1628 840 1669 muti
869 1628 1010 1670 nullus
1041 1641 1142 1670 usus
1173 1632 1251 1670 est.

298 1695 498 1739 Correxit
538 1695 737 1738 librarius
782 1697 1056 1751 paucissima.
1120 1708 1260 1750 neque
1301 1695 1477 1738 crebrae
1519 1707 1597 1738 eae
1637 1700 1734 1738 sunt

181 1764 470 1806 correctiones
501 1775 608 1817 quas
639 1764 936 1806 recentissima
966 1775 1117 1805 manus
1147 1763 1309 1805 saeculi
1338 1762 1442 1804 XVI
1476 1760 1585 1814 (W3)
1617 1763 1732 1805 luteo

180 1831 353 1886 scripsit
379 1835 631 1875 atramento.

296 1900 506 1944 Exeuntis
538 1900 699 1943 saeculi
720 1899 837 1955 XIV,
871 1903 1080 1954 quatenus
1110 1913 1137 1942 a
1167 1899 1310 1954 priore
1340 1899 1517 1942 librario
1547 1900 1732 1954 scriptus

179 1975 255 2025 est,
288 1969 461 2013 videtur
492 1982 587 2013 esse

293 2039 389 2086 VII)
422 2037 589 2083 Codex
612 2036 915 2082 Barberinus
936 2048 1011 2091 gr.
1032 2048 1111 2079 nr.
1135 2035 1224 2080 275
1246 2034 1333 2090 (F).
1389 2037 1644 2081 chartaceus
1667 2041 1732 2081 est

177 2108 402 2163 formaque
434 2112 601 2151 octava.
664 2107 842 2150 exhibet
881 2120 1010 2148 unum
1042 2106 1261 2149 Laertium
1292 2106 1532 2161 Diogenem
1564 2107 1730 2151 duabus

177 2178 376 2220 manibus
408 2180 647 2220 exaratum.
702 2188 881 2230 quarum
913 2175 1047 2229 priori
1079 2172 1165 2224 (1⁴¹⁸)
1198 2178 1241 2217 et
1271 2176 1311 2218 ei
1342 2175 1568 2218 vetustiori
1600 2177 1730 2225 (saec.

176 2246 293 2295 XIV)
329 2245 540 2288 debentur
571 2245 644 2287 fol.
672 2245 876 2286 11)ῐ-88γ
896 2246 967 2293 (=
990 2244 1018 2285 l.
1040 2243 1073 2296 Ι,
1101 2243 1259 2296 1—111,
1283 2244 1336 2285 60
1360 2243 1415 2286 in.
1439 2243 1518 2297 τῆς
1539 2240 1731 2300 ἑβδόμης

176 2310 390 2368 ἡγοῦνται
424 2313 617 2368 ἱππίαι),
648 2312 877 2367 posteriori
907 2309 996 2363 (Fb)
1028 2323 1140 2366 quae
1177 2314 1301 2354 notas
1335 2311 1465 2354 refert
1494 2324 1607 2355 saec.
1629 2311 1732 2355 XVI

177 2383 249 2425 fol.
275 2384 509 2425 891——284v
541 2384 583 2433 (l.
605 2382 670 2424 III
692 2384 745 2424 60
777 2382 833 2424 in.
868 2379 1032 2423 ἱππίαι
1063 2377 1141 2421 δύο
1163 2404 1218 2410 -
1240 2380 1267 2422 l.
1298 2380 1341 2422 X
1371 2382 1510 2431 extr.).
1578 2381 1656 2424 illa
1686 2383 1729 2424 in

177 2466 262 2494 una
284 2465 456 2506 quaque
482 2451 643 2506 pagina
664 2464 813 2494 versus
846 2450 1019 2505 scripsit
1039 2451 1107 2504 25,
1140 2461 1320 2503 quorum
1352 2449 1535 2505 quisque
1565 2451 1729 2495 litteras

178 2522 347 2563 34—37
380 2521 583 2573 continet,
621 2518 729 2563 haec
760 2519 943 2561 confecit
971 2518 1155 2573 paginas
1186 2518 1287 2560 item
1320 2520 1373 2560 25
1405 2532 1619 2575 versuum,
1650 2520 1729 2563 sed

177 2603 326 2634 versus
349 2589 520 2633 circiter
541 2590 594 2630 43
617 2589 865 2632 litterarum.
916 2586 990 2630 fol.
1017 2590 1035 2629 1
1063 2586 1128 2630 bis
1149 2590 1418 2631 numeratum
1439 2591 1516 2632 est.
1561 2592 1727 2643 prostat

176 2659 248 2701 fol.
273 2662 338 2701 lar
355 2658 386 2684 0²
400 2665 419 2684 V
440 2658 575 2701 index
592 2657 738 2701 brevis
755 2669 972 2711 prosopon
990 2656 1315 2699 Laertianorum
1332 2657 1499 2699 scilicet
1513 2657 1570 2699 ad
1588 2658 1728 2712 ipsum

179 2726 372 2770 codicem
397 2727 678 2769 Barberinum
700 2731 877 2769 exactus
908 2725 1123 2780 rubroque
1153 2726 1375 2781 pigmento
1405 2725 1569 2779 pictus:
1601 2738 1729 2780 quem
