1861 3229
150 151 229 188 106
746 150 913 194 Edgarus
938 150 1098 186 Martini.

150 269 352 322 permulti
373 268 555 309 minores
577 278 655 319 per
675 265 836 308 Laertii
858 265 1134 319 scriptionem
1157 270 1382 309 occurrunt
1412 279 1520 320 quos
1550 270 1695 310 tamen

150 334 399 389 singillatim
431 345 684 387 expromere
714 333 888 387 longum
920 336 997 375 est.

262 401 330 444 Ad
363 401 440 445 has
479 402 656 445 lacunas
695 401 906 445 accedunt
940 401 1099 445 menda
1136 402 1373 457 scripturae
1404 406 1534 457 atque
1565 404 1695 447 inter-

147 470 385 524 polationes
419 470 615 513 omnibus
647 470 808 513 Laertii
840 470 1060 513 codicibus
1092 470 1347 513 communia.
1408 483 1588 525 quorum
1620 485 1694 514 nu-

146 549 286 579 merus
319 550 414 579 cum
448 542 490 580 et
520 538 615 592 ipse
646 538 928 593 praegrandis
959 538 1026 591 sit,
1065 539 1157 580 iure
1197 551 1249 580 ac
1279 537 1431 581 merito
1463 538 1694 581 adfirmare

145 618 273 659 posse
304 605 428 649 nobis
461 605 660 649 videmur
698 608 852 650 librum
892 605 1173 661 archetypum
1211 619 1295 660 quo
1335 610 1527 660 tempore
1559 610 1694 649 trans-

145 674 275 717 scribi
307 679 485 730 coeptus
517 680 583 719 est
612 675 825 719 deteriore
854 676 987 719 fuisse
1018 679 1143 719 statu.

260 743 352 785 Iam
383 745 420 787 si
452 745 624 798 quaeris
665 758 751 799 qua
785 749 926 787 aetate
956 745 1030 787 ille
1060 744 1319 799 archetypus
1352 743 1569 787 confectus
1601 755 1696 785 esse

146 811 361 867 videatur,
405 817 567 856 certum
608 812 809 867 equidem
840 817 1006 867 tempus
1038 811 1169 855 edere
1199 825 1380 866 nequeo.
1440 816 1585 855 tamen
1615 810 1697 854 hoc

146 894 278 923 unum
312 880 415 924 satis
448 884 643 924 constare
676 882 875 924 existimo
908 882 1127 935 aliquanto
1160 894 1257 924 eum
1279 881 1544 935 superiorem
1564 879 1697 923 fuisse

147 950 321 991 saeculo
343 948 419 990 IX.
471 947 586 1001 quod
607 952 724 990 recte
752 949 787 990 si
809 948 937 991 video
969 962 1023 990 ex
1056 961 1106 991 eo
1139 947 1372 1002 conficitur,
1406 947 1522 1001 quod
1553 959 1695 989 exem·

146 1016 264 1070 plum
287 1015 401 1058 unde
423 1015 609 1058 derivati
631 1019 729 1058 sunt
750 1015 921 1058 codices
939 1016 1011 1057 BP
1027 1015 1097 1066 (cf.
1116 1015 1227 1058 infra
1247 1029 1318 1070 pg.
1338 1017 1435 1064 132)
1457 1014 1698 1057 maiuscula

146 1085 388 1127 litteratura
419 1087 640 1126 exaratum
673 1083 805 1125 fuisse
835 1083 987 1126 solidis
1019 1084 1230 1126 evincitur
1249 1083 1528 1136 argumentis.
1580 1081 1696 1136 quod

145 1153 181 1195 si
213 1151 417 1195 extremis
454 1151 691 1206 scripturae
722 1151 903 1194 uncialis
934 1151 1200 1205 temporibus
1232 1155 1428 1194 exortum
1459 1150 1590 1194 fuisse
1620 1162 1696 1205 po-

141 1233 218 1262 nas
249 1219 307 1269 (h.
333 1232 369 1261 e.
392 1218 566 1261 ineunte
598 1219 772 1262 saeculo
804 1219 869 1261 IX
894 1219 945 1262 cf.
969 1219 1288 1263 Wattenbachii
1311 1219 1538 1273 Anleitunq
1570 1233 1608 1261 z.
1630 1232 1695 1271 qr.

142 1287 395 1340 Palmam-,1
461 1301 501 1340 g.
537 1287 627 1340 19),
676 1286 960 1342 archetypum
1003 1288 1225 1342 aliquanto
1265 1292 1365 1331 ante
1404 1287 1486 1331 hoc
1526 1292 1695 1343 tempus

142 1357 431 1410 conscriptum
463 1356 596 1399 fuisse
628 1355 842 1399 concedas
872 1368 1050 1399 necesse
1082 1362 1158 1399 est.

899 1628 947 1669 B.

422 1736 488 1770 De
518 1734 783 1771 Laertianae
815 1735 1077 1779 scriptionis
1108 1735 1239 1771 libris
1269 1734 1410 1779 puris.

261 1832 515 1887 Bipartitam
549 1844 644 1875 esse
674 1831 871 1875 codicum
893 1833 1219 1876 Laertianorum
1252 1833 1460 1887 originem
1492 1832 1566 1887 qui
1598 1831 1692 1875 dili·

142 1903 312 1958 gentius
353 1913 428 1944 eos
466 1904 757 1955 perscrutatus
798 1901 898 1955 erit,
940 1901 1058 1944 facili
1098 1914 1232 1956 opera
1270 1902 1533 1955 cognoverit.
1595 1914 1692 1944 con-

142 1969 386 2014 stituendae
425 1969 627 2011 nimirum
665 1968 776 2012 duae
816 1974 914 2012 sunt
954 1970 1116 2013 classes
1156 1969 1336 2013 effectae
1375 1970 1478 2012 illae
1518 1969 1694 2025 quidem

140 2041 193 2084 iis
224 2039 346 2082 libris
378 2038 451 2092 qui
482 2041 655 2092 praeter
686 2049 739 2080 ea
768 2037 877 2080 vitia
917 2050 1096 2091 quorum
1127 2038 1336 2092 originem
1368 2051 1424 2082 ex
1454 2038 1693 2093 archetypo

141 2107 422 2164 repetendam
464 2117 560 2149 esse
601 2106 836 2148 omnium
874 2105 1078 2149 librorum
1118 2106 1442 2150 Laertianorum
1484 2120 1695 2151 consensu

140 2178 380 2221 luculenter
410 2176 619 2230 arguitur,
650 2174 769 2216 nulla
800 2173 960 2217 habent
991 2176 1250 2218 communia:
1288 2175 1371 2219 hoc
1401 2176 1515 2218 enim
1548 2175 1693 2219 certis-

140 2248 295 2290 simum
334 2245 538 2288 diversae
577 2242 755 2297 originis
796 2246 862 2285 est
901 2241 1217 2286 documentum.
1279 2256 1375 2286 cum
1414 2256 1518 2287 vero
1557 2244 1695 2287 altera

142 2315 293 2359 classis
316 2314 381 2366 (α)
403 2326 426 2356 e
449 2316 516 2356 sat
537 2310 684 2354 multis
707 2315 874 2354 constet
899 2310 1122 2355 codicibus
1143 2311 1463 2366 (DFGOSUV),
1495 2312 1646 2356 classis
1665 2315 1694 2366 β

140 2396 272 2427 unum
312 2381 444 2425 habet
483 2379 561 2423 sed
602 2378 989 2433 locupletissimum
1028 2383 1181 2423 testem
1215 2379 1296 2433 (B).
1357 2380 1519 2424 residui
1549 2385 1694 2425 autem

142 2451 313 2495 codices
354 2461 504 2493 omnes
545 2453 711 2492 tantum
749 2449 873 2492 abest
903 2452 949 2491 ut
987 2449 1054 2492 sui
1085 2449 1189 2492 iuris
1229 2449 1325 2505 sint,
1366 2454 1412 2492 ut
1441 2451 1693 2494 memoriam

140 2519 378 2574 praebeant
409 2531 464 2561 ex
498 2534 525 2558 α
557 2521 601 2561 et
629 2519 659 2571 β
689 2518 988 2561 concinnatam
1018 2518 1094 2561 alii
1125 2517 1181 2562 ad
1215 2535 1242 2560 α
1272 2519 1348 2562 alii
1379 2518 1437 2562 ad
1465 2521 1495 2573 β
1515 2519 1693 2575 propius

142 2587 412 2631 accedentes.
475 2586 554 2631 hos
586 2586 759 2631 codices
791 2588 962 2644 mixtos,
996 2588 1093 2631 illos
1124 2601 1255 2643 puros
1286 2601 1596 2643 nuncupamus.
1642 2601 1694 2632 ac

142 2657 325 2710 primum
358 2656 533 2710 quidem
564 2656 737 2700 codices
769 2670 898 2711 puros
929 2656 987 2700 ad
1018 2662 1163 2712 partes
1194 2658 1458 2701 vocabimus.
