1861 3229
732 136 911 172 Analecta
933 134 1140 170 Laertiana.
1653 130 1704 167 79

164 255 282 296 caret
311 256 354 296 et
383 265 410 296 a
439 252 537 296 libri
566 253 587 296 I
608 255 632 304 ξ
655 257 680 295 4
712 257 904 297 extrema
935 251 1249 309 (φιλοσοφίας’
1280 243 1347 304 ἧς)
1380 247 1550 303 incipit:
1583 246 1705 288 nimi-

163 334 256 365 rum
287 320 448 366 codicis
479 323 661 377 primum
691 321 840 367 folium
861 323 934 366 vel
954 321 1096 377 prima
1116 320 1221 364 folia
1240 319 1433 363 abscissa
1464 322 1574 362 sunt.
1606 317 1706 360 sub·

163 390 339 445 scriptio
389 390 432 433 in
483 392 601 435 calce
648 392 748 435 libri
797 392 839 434 X
889 391 977 442 (fol.
1029 391 1129 430 246
1178 389 1309 438 med.)
1370 391 1513 430 exstat
1575 385 1705 429 haec·

165 446 466 512 ΛΑΕΡΤίοΥ
493 447 848 512 ΔιοΓέΝοΥο
878 446 1228 536 φιΛοοοφΩΝ
1266 446 1396 510 essm
1433 467 1521 510 ΚΑΙ
1556 465 1706 508 non--

165 548 375 592 ΜΑΤΩΝ
418 547 785 591 ΟΥΝΑΓΩΓΗΟ
824 549 920 603 (sic)
957 538 1084 590 ΤΩΝ
1137 547 1230 590 elo
1280 548 1303 590 Τ
1351 526 1704 591 ΕΠΙΚΟΥΡΟΟ.

163 619 441 663 consimiliter
478 619 764 673 subscriptum
804 622 870 660 est
898 617 1009 660 libro
1040 617 1142 659 VIII
1174 616 1413 669 (f01.190)
1445 624 1487 661 et
1516 619 1579 660 IX
1615 617 1705 668 (fol.

163 689 293 740 214V).
340 686 479 732 codex
508 687 665 742 partim
696 690 761 730 est
789 685 1020 740 rescriptas
1043 686 1110 736 (cf.
1134 685 1179 727 in
1199 685 1348 741 primis
1368 686 1441 729 fol.
1463 686 1544 729 VII
1565 690 1607 729 et
1627 685 1706 736 IX)

161 757 331 811 fuitque
352 756 491 811 prima
511 755 722 809 scriptura
741 755 837 808 ipsa
858 766 1029 809 quoque
1059 754 1310 798 minuscula.
1344 755 1543 798 librarius
1564 759 1707 798 autem

163 825 325 868 Laertii
356 827 423 867 sat
463 822 693 877 diligenter
732 835 907 866 munere
947 835 1023 865 suo
1062 822 1232 865 functus
1271 827 1356 877 est,
1398 837 1492 867 cum
1540 824 1709 866 litterae

164 892 300 936 nitide
321 896 364 935 et
383 891 669 946 aequabiliter
689 891 831 945 pictae
852 891 948 933 sint.
973 891 1229 945 compendia
1250 892 1524 935 inveniuntur
1545 905 1706 947 pauca3

164 964 409 1006 constanter
428 960 517 1004 fere
538 972 667 1004 voces
689 954 950 1016 ἄνθρωπος,
972 956 1095 1013 θεός,
1115 962 1240 1016 φησί,
1264 962 1380 1017 φασί
1401 959 1708 1015 compendiose

164 1029 418 1082 scribuntur,
442 1028 654 1071 interdum
677 1028 807 1071 etiam
837 1028 1019 1071 articuli.
1052 1031 1226 1072 nomina
1255 1031 1433 1084 propria
1452 1030 1708 1084 plerumque

162 1098 324 1140 lineola
364 1110 494 1151 supra
532 1096 661 1140 ducta
700 1100 851 1140 ornata
888 1100 997 1139 sunt.
1042 1097 1117 1140 ubi
1157 1111 1224 1141 res
1265 1096 1570 1141 memorabiles
1614 1110 1708 1139 nar-

163 1169 321 1215 rantur,
335 1165 535 1208 librarius
557 1164 671 1207 haud
693 1177 788 1207 raro
809 1165 852 1206 in
874 1164 1065 1218 margine
1087 1166 1230 1220 posuit
1251 1166 1441 1220 sigillum
1459 1163 1514 1220 σή
1533 1169 1634 1220 (quo
1653 1165 1708 1207 de

164 1234 218 1278 cf.
249 1232 508 1278 Gutschmid
538 1230 659 1273 Neue
691 1230 882 1273 Hez'delb.
908 1230 1016 1273 Jb.I
1047 1246 1116 1287 pg.
1140 1233 1254 1287 230).
1286 1234 1469 1288 primam
1500 1234 1706 1288 cuiusque

165 1302 319 1356 capitis
340 1301 525 1344 litteram
555 1301 626 1344 vel
648 1314 800 1345 vocem
830 1300 1085 1344 rubricatori
1115 1302 1375 1356 explendam
1407 1302 1594 1356 reliquit.
1626 1315 1708 1345 nec

165 1383 269 1414 vero
310 1369 380 1412 hic
419 1369 577 1412 omissa
614 1368 805 1423 addidit,
845 1368 924 1412 sed
963 1372 1176 1412 corrector
1205 1369 1322 1424 prior
1353 1370 1573 1424 pigmento
1605 1382 1708 1412 usus

165 1439 380 1492 subnigro.
421 1437 706 1491 interpunctio
750 1449 891 1491 neque
937 1441 1180 1480 constanter
1226 1437 1425 1480 adhibita
1467 1442 1531 1480 est
1569 1451 1709 1491 neque

164 1518 472 1561 usquequaque
493 1509 628 1560 recte3
652 1518 861 1560 persaepe
882 1508 1087 1559 punctum
1108 1518 1238 1559 supra
1258 1506 1417 1548 lineam
1440 1501 1710 1549 conlocatum

165 1575 501 1618 enuntiationem
533 1573 803 1616 terminatam
835 1586 929 1616 esse
961 1573 1197 1628 significat;
1229 1572 1300 1616 hic
1330 1574 1421 1616 illic
1446 1574 1575 1616 etiam
1599 1574 1711 1616 intra

166 1642 385 1685 enuntiata
413 1640 471 1684 ad
501 1641 694 1683 membra
725 1654 871 1684 eorum
902 1641 1206 1695 distinguenda
1236 1655 1405 1685 comma
1424 1642 1609 1696 positum
1634 1646 1710 1684 est.

165 1709 281 1766 quod
312 1709 368 1753 ad
399 1708 752 1764 orthographiam
782 1709 955 1764 attinet,
997 1709 1083 1753 dici
1126 1710 1202 1753 vix
1248 1714 1391 1764 potest
1421 1723 1549 1765 quam
1581 1710 1711 1764 spissi

165 1780 250 1821 sint
291 1791 454 1821 errores
499 1790 576 1832 per
613 1778 855 1820 itacismum
900 1779 1133 1832 procreati:
1181 1779 1341 1832 quippe
1382 1779 1712 1821 commiscentur

165 1847 273 1889 mira
294 1846 482 1901 quadam
509 1847 796 1888 obstinatione
828 1862 844 1887 ι
866 1850 908 1889 et
930 1861 981 1896 ει,
1015 1863 1031 1888 ι
1053 1851 1094 1888 et
1115 1862 1153 1902 η,
1187 1862 1211 1902 η
1235 1852 1277 1889 et
1298 1861 1350 1897 ει,
1383 1863 1407 1887 v
1430 1851 1472 1889 et
1495 1863 1522 1898 ι,
1556 1861 1576 1887 ε
1598 1853 1640 1888 et
1662 1863 1709 1888 αι

166 1920 208 1956 et
248 1927 357 1967 quae
396 1917 493 1955 sunt
547 1914 705 1956 similia
756 1912 867 1955 adeo
907 1917 953 1955 ut
992 1913 1167 1955 dubium
1206 1912 1312 1955 mihi
1352 1914 1550 1956 videatur
1599 1928 1708 1969 esse,

166 1985 362 2026 exstetne
406 1981 516 2024 alter
557 1980 696 2024 codex
739 1984 825 2024 tam
869 1979 996 2024 foede
1043 1981 1196 2035 quovis
1241 1980 1425 2025 itacismi
1456 1994 1613 2036 genere
1645 1982 1709 2024 in-

167 2051 379 2105 quinatus.
441 2066 457 2091 ι
487 2054 648 2092 mutum
679 2064 705 2092 a
735 2049 910 2092 librario
949 2054 1023 2092 aut
1062 2049 1268 2092 omittitur
1304 2055 1377 2092 aut
1414 2052 1509 2105 pari
1547 2051 1709 2103 magni-

166 2118 314 2163 tudine
344 2118 512 2162 litterae
543 2118 599 2161 ad
621 2131 750 2173 quam
779 2117 965 2173 pertinet
994 2117 1251 2162 adscribitur
1280 2122 1355 2161 aut
1384 2119 1548 2162 minuta
1570 2120 1710 2162 forma

167 2187 441 2248 subnectitur.
492 2203 514 2228 ν
545 2187 796 2241 paragogici
826 2186 1015 2241 ponendi
1046 2187 1166 2230 nulla
1195 2187 1303 2230 ratio
1336 2192 1420 2230 est:
1453 2192 1496 2230 et
1527 2188 1711 2231 adicitur

167 2260 265 2300 ante
287 2260 568 2313 consonantes
590 2260 632 2299 et
652 2256 859 2299 omittitur
879 2260 979 2300 ante
1001 2256 1185 2301 vocales.
1224 2256 1277 2300 de
1298 2257 1505 2312 prosodia
1526 2257 1712 2312 denique

168 2324 250 2367 hoc
271 2338 400 2367 unum
431 2326 782 2368 commonuerim:
815 2325 999 2367 retinere
1031 2338 1161 2380 saepe
1193 2338 1370 2368 numero
1401 2327 1602 2370 enclitica
1623 2331 1711 2369 tam

166 2393 463 2447 monosyllaba
484 2407 611 2448 quam
639 2393 856 2448 bisyllaba
886 2398 1110 2436 accentum
1142 2407 1265 2437 suum
1296 2394 1369 2436 ubi
1401 2408 1478 2437 nos
1511 2407 1606 2437 eum
1638 2398 1713 2436 aut

168 2462 211 2504 in
233 2474 381 2504 vocem
404 2462 734 2514 praecedentem
764 2461 991 2505 transferre
1022 2467 1096 2505 aut
1126 2464 1297 2506 omnino
1326 2464 1592 2517 supprimere
1615 2476 1714 2505 con-

168 2531 385 2575 suevimus
416 2533 469 2581 (e.
501 2543 562 2585 gr.
594 2531 614 2572 I
645 2532 699 2572 22
731 2528 996 2587 ὁημόκριτος
1027 2532 1164 2588 φασὶ;
1196 2531 1215 2573 Ι
1247 2533 1299 2572 25
1331 2530 1544 2573 πλεῖστον
1577 2531 1712 2588 φησὶ;

168 2600 187 2641 Ι
220 2602 273 2642 83
315 2598 362 2641 δὲ
394 2599 519 2655 φησὶ.
570 2599 626 2642 ad
662 2613 753 2642 rem
794 2600 845 2642 cf.
878 2599 1134 2644 Schneideri
1170 2598 1543 2641 Callz'maclzeorum
1574 2603 1659 2645 vol.
1694 2605 1712 2645 I

168 2682 239 2723 pg.
275 2667 371 2711 XIV
401 2669 524 2723 sqq.).
