1861 3229
714 174 889 210 Analecta
913 174 1121 211 Laertiana.
1614 175 1634 211 1
1643 176 1663 211 1
1671 176 1693 211 7

144 300 313 332 versam
343 288 571 333 lectionem
603 288 811 346 δοθῆναι,
843 291 910 334 cui
942 291 1059 334 solus
1090 290 1144 333 W
1165 291 1482 346 pat1·ocinatur;
1514 289 1610 331 134
1639 290 1695 332 ad

143 357 277 399 verba
305 357 385 413 τῆς
412 352 581 407 εἰκόνος
603 358 657 400 F4
679 358 879 413 adpinxit
910 360 1074 402 variam
1106 360 1335 403 lectionem
1361 357 1484 409 τινος
1507 356 1693 413 εἰκόνος,

143 436 272 478 quam
311 425 354 468 in
392 425 484 468 solo
524 425 635 468 libro
674 426 727 468 W
765 427 959 481 repperi3
1005 427 1062 468 ib.
1101 427 1303 470 librarius
1348 432 1465 470 recte
1512 427 1695 470 dederat

145 491 336 548 σίλλοις,
383 494 450 537 cui
490 494 725 548 scripturae
766 493 822 535 1Μ
865 494 908 536 in
947 494 1141 548 margine
1180 494 1280 537 libri
1321 495 1524 550 opposuit
1563 508 1692 539 sensu

143 573 308 604 cassam
338 562 568 605 lectionem
599 560 809 616 πολλοῖς,
850 574 962 616 quae
999 566 1186 605 ceterum
1219 563 1461 617 stupiditati
1493 563 1585 607 eius
1617 563 1692 606 de-

144 628 265 671 betur
286 630 358 683 qui
380 630 477 672 libri
501 629 552 671 W
575 629 782 673 evanidas
804 631 970 672 litteras
991 629 1231 672 instaurare
1254 631 1442 684 suscepit
1466 630 1538 680 (F4
1562 631 1692 684 igitur

142 701 331 740 correcto
354 697 501 740 codice
525 697 576 739 W
597 710 698 740 usus
720 698 824 751 est);
854 697 876 739 I
897 699 950 738 47
973 696 1174 739 librarius
1203 697 1431 751 scripserat
1463 691 1692 752 ἆφεντωνε

141 764 197 806 F4
229 766 411 818 margini
441 764 643 818 adposuit
674 766 837 819 φέρων,
870 764 987 819 quod
1018 777 1125 807 unus
1148 764 1201 806 W
1227 765 1428 819 praebet;
1459 765 1479 806 I
1509 768 1587 806 100
1620 766 1691 808 de-

142 831 492 887 nique‘librarius
515 837 772 876 exaraverat
794 828 914 887 ἁμῖν,
937 831 994 876 ad
1017 832 1133 886 quod
1156 832 1212 875 F4
1234 833 1278 875 in
1304 833 1497 887 margine
1528 834 1696 876 notavit

143 898 269 953 ἐσμῑν
301 913 412 953 quae
443 901 655 956 scriptura
686 901 826 944 codici
857 901 911 943 W
943 902 1173 955 singularis
1206 905 1282 945 est.

257 968 429 1013 Codicis
446 968 485 1011 D
503 969 789 1013 correctiones
812 982 908 1012 cum
930 968 986 1012 ad
1009 982 1136 1011 unam
1160 982 1307 1012 omnes
1329 969 1384 1012 ab
1402 969 1496 1024 ipso
1517 969 1694 1012 librario

141 1060 197 1065 —-
227 1049 382 1092 nempe
422 1037 532 1080 inter
570 1037 901 1081 describendum
932 1062 987 1067 ——
1018 1036 1158 1081 factae
1199 1038 1283 1080 sint
1313 1051 1364 1081 ac
1395 1038 1532 1081 solum
1564 1038 1692 1080 modo

140 1103 197 1146 ad
228 1105 413 1148 leviores
443 1105 599 1148 calami
630 1106 775 1160 lapsus
807 1106 1062 1160 pertineant,
1095 1105 1218 1149 salva
1249 1105 1513 1148 conscientia
1536 1106 1691 1148 missas

140 1170 283 1214 facere
312 1184 551 1227 possumus.

255 1240 390 1283 Plane
428 1241 580 1284 eadem
621 1245 685 1284 est
720 1255 789 1285 res
820 1242 874 1285 de
906 1241 1055 1285 codice
1088 1241 1131 1296 S,
1164 1241 1246 1284 nisi
1279 1240 1393 1295 quod
1426 1241 1468 1283 in
1501 1254 1552 1284 eo
1585 1255 1689 1296 pau-

140 1307 323 1350 cissimis
354 1308 459 1351 locis
490 1322 640 1352 manus
671 1311 808 1352 altera
838 1310 925 1361 (82)
956 1314 1107 1364 aperta
1135 1308 1294 1352 menda
1332 1310 1521 1351 sanavit:
1567 1322 1603 1350 e.
1626 1323 1688 1362 gr.

139 1375 160 1417 I
182 1376 234 1417 60
259 1375 316 1418 ad
344 1374 484 1418 futtile
514 1376 620 1419 illud
650 1379 900 1431 μισμέρμου
931 1378 976 1419 in
1005 1377 1200 1432 margine
1231 1377 1403 1431 scripsit
1426 1377 1689 1430 μιμνέρμου.

254 1443 413 1487 Contra
433 1443 534 1486 libri
550 1443 588 1487 G
605 1449 798 1488 correcta
812 1445 959 1500 paullo
981 1445 1254 1488 adcuratiore
1273 1444 1534 1487 scrutatione
1557 1444 1690 1498 digna

140 1511 338 1555 iudicem.
384 1524 523 1566 neque
545 1525 647 1555 vero
671 1512 768 1556 dico
790 1526 951 1567 paucos
974 1513 1070 1556 illos
1104 1525 1268 1555 errores
1300 1513 1355 1554 ab
1387 1513 1482 1566 ipso
1514 1512 1690 1555 librario

140 1579 242 1622 dum
282 1579 487 1623 describit
526 1581 805 1636 exstirpatos,
848 1581 926 1625 sed
966 1594 1018 1624 ea
1058 1594 1167 1635 quae
1208 1581 1440 1635 praecipue
1477 1581 1520 1623 in
1552 1581 1692 1635 prima

141 1647 302 1689 codicis
341 1648 554 1701 particula
593 1662 744 1691 manus
783 1650 921 1691 altera
950 1648 1045 1699 (G2)
1077 1649 1277 1691 correxit.
1348 1661 1459 1702 quae
1500 1649 1553 1691 ob
1595 1662 1689 1691 eam

139 1728 314 1759 causam
336 1728 463 1770 quam
486 1717 675 1760 maxime
696 1717 998 1761 memorabilia
1019 1721 1116 1761 sunt
1143 1715 1258 1771 quod
1288 1716 1495 1759 lectiones
1517 1729 1690 1771 prorsus

139 1784 292 1826 unicae
329 1798 469 1838 neque
508 1787 551 1826 in
582 1787 671 1827 ullo
707 1786 794 1827 alio
827 1786 987 1827 Laertii
1020 1786 1162 1838 operis
1194 1785 1344 1826 codice
1377 1785 1533 1826 obviae
1564 1786 1687 1827 nobis

137 1853 431 1908 propinantur.
483 1854 537 1897 de
559 1855 712 1909 quibus
736 1854 838 1909 quid
863 1852 1120 1897 censendum
1149 1856 1261 1895 esset
1291 1851 1570 1907 sagacissime
1603 1853 1687 1895 iam

137 1921 326 1974 pervidit
357 1921 401 1963 C.
433 1922 782 1964 Wachsmuthius
814 1923 886 1975 qui
918 1920 1055 1974 JCorp.
1082 1933 1198 1973 poes.
1228 1920 1311 1960 lud.
1338 1935 1402 1973 qr.
1432 1935 1503 1975 pg.
1532 1924 1584 1963 53
1618 1935 1687 1963 co-

138 1988 278 2031 dicem
309 1988 347 2032 G
377 1989 606 2044 aliquoties
643 1985 773 2033 ‘scite
813 1988 1087 2032 emendatum
1117 2003 1144 2031 a
1174 1988 1268 2031 viro
1310 1988 1437 2031 docto
1479 1983 1681 2043 quodam'

136 2055 347 2110 perhibet.
398 2070 546 2099 verum
569 2058 682 2100 enim
704 2070 806 2100 vero
828 2062 980 2099 natura
1006 2058 1183 2099 istorum
1216 2062 1551 2099 commentorum
1584 2070 1688 2100 sane

138 2138 267 2179 quam
305 2126 592 2180 inaequabilis
632 2128 715 2179 est,
763 2126 799 2169 si
839 2125 1015 2179 quidem
1055 2124 1327 2168 evidentibus
1366 2129 1441 2168 aut
1478 2126 1687 2180 speciosis

138 2195 289 2236 saltem
311 2194 623 2246 admixta-sunt
651 2207 737 2236 non
768 2194 938 2235 inutilia
968 2192 1110 2246 modo,
1144 2192 1220 2235 sed
1252 2194 1382 2235 etiam
1413 2193 1562 2247 utique
1593 2207 1688 2247 per-

137 2275 276 2307 versa.
336 2262 379 2305 in
419 2275 502 2317 quo
541 2275 717 2306 numero
754 2260 833 2306 has
865 2261 976 2305 duco
1007 2261 1089 2305 viri
1121 2260 1223 2305 boni
1255 2262 1542 2306 coniecturas:
1583 2262 1603 2304 I
1635 2263 1687 2304 30

138 2326 336 2384 ἆνευρεῖν
357 2344 434 2385 pro
456 2325 674 2386 Ἄνδρων;
697 2332 750 2371 52
773 2325 1010 2383 ἀνέλαβον·
1033 2328 1116 2382 ἔχω
1139 2328 1223 2386 γὰρ
1247 2329 1273 2372 ἃ
1296 2354 1350 2360 -
1366 2325 1612 2386 Ἀθηναῖοι
1634 2355 1687 2361 ——

137 2396 377 2456 ἀφείλοντο
408 2412 486 2453 pro
519 2393 735 2452 ἀνέλαβον
765 2396 848 2454 γὰρ
881 2395 963 2452 ἐγώ
998 2395 1025 2438 ἃ
1057 2395 1154 2453 κτὲ;
1186 2401 1240 2441 62
1271 2396 1403 2440 τόνδε
1434 2396 1522 2451 ἔχει
1553 2398 1688 2439 σαλα-

135 2469 211 2522 μὶς
242 2466 511 2523 (principium
541 2467 834 2520 pentametril)
866 2480 944 2521 pro
975 2464 1105 2507 τόνόε
1135 2474 1283 2509 τεκνοῖ
1300 2466 1523 2521 Σαλαμὶς;
1556 2469 1610 2508 65
1643 2465 1687 2508 οἱ

136 2531 176 2579 δ’
205 2530 538 2593 ἀποτρέποντες
565 2531 616 2577 ‘co‘
638 2531 787 2576 κοινὸν
808 2547 885 2590 pro
909 2532 953 2576 οἱ
981 2528 1024 2575 δ’
1053 2531 1372 2586 ἐπιτρέποντες
1402 2549 1439 2575 τ.
1460 2549 1497 2576 κ.
1521 2533 1596 2589 (=
1613 2534 1687 2589 qui

134 2619 226 2650 rem
247 2605 463 2661 publicam
486 2603 816 2659 gubernabant);
847 2603 1010 2647 ibidem
1032 2597 1162 2652 οὗτος
1183 2602 1231 2645 δὲ
1252 2603 1326 2645 καὶ
1350 2601 1688 2659 δορυφοροῦντα

137 2668 272 2716 αὐτὸν
303 2671 370 2716 ἔτι
398 2670 637 2728 βούλονται
673 2685 752 2727 pro
785 2666 910 2715 οὗτοι
942 2670 989 2714 δὲ
1021 2672 1095 2715 καὶ
1136 2669 1505 2728 δορυφορούντων
1539 2665 1688 2723 αὐτόν,
