1861 3229
152 216 207 254 96
754 219 921 264 Edgarus
945 217 1107 254 Martini.

154 333 287 377 habet
317 333 529 375 notulam:
561 322 612 376 τἰἷ
640 323 701 386 ζδ.
723 334 946 390 διογένους
962 333 1168 387 λαερτίου
1189 335 1284 387 βίοι
1305 334 1393 375 τῶν
1410 328 1698 390 φιλοσόφων;

150 401 328 456 βιβλίον
372 402 685 456 βησσαρίωνος
728 400 992 459 καρὸηνάλις
1035 401 1115 443 τοῦ
1160 401 1250 442 τῶν
1289 398 1527 452 τούσκλων,
1589 402 1700 445 infra

151 470 324 513 Latine:
348 474 429 516 loc.
447 468 502 510 64
526 469 783 526 diogenis
814 471 1002 515 laertii
1033 470 1184 514 vitae
1214 468 1698 526 philosophorum;

151 542 502 586 bessarionis
542 539 848 583 cardinalis
887 537 1178 582 tusculani.
1248 536 1363 580 unde
1402 538 1559 581 librum
1590 538 1612 580 I
1642 538 1699 582 ad

151 610 471 661 Bessarionis(1
479 610 752 660 395—1472)
765 608 866 651 olim
884 606 1188 650 bibliothecam
1205 605 1463 660 pertinuisse
1479 605 1698 651 discimus.

148 678 225 721 fol.
253 682 293 721 1¹
314 679 562 724 inscribitur
585 679 817 730 Λαερτίου
850 674 1072 730 διογένους
1101 677 1196 729 βίοι
1226 673 1298 716 καὶ
1329 674 1503 729 γνῶμαι
1532 675 1622 716 τῶν
1653 672 1699 717 ἐν

150 746 407 805 φιλοσοφία
430 741 818 803 εὐδοκιμησάντων
838 744 912 787 καὶ
933 744 1021 786 τῶν
1051 741 1212 800 ἑκάστη
1244 741 1460 798 αἱρέσεων
1491 736 1696 796 ἀρεσκόν-

148 831 238 858 των
270 814 315 858 ἒν
348 815 542 872 ἐπιτομῇ
576 812 803 870 συναγωγή
841 814 957 865 (sic)·
999 810 1206 870 διῄρηται
1244 809 1293 854 τὸ
1336 809 1599 868 σύγγραμμα
1633 810 1700 862 εἷς

152 884 339 938 βίβλους
392 884 510 927 δέκα.
588 883 780 938 sequitur
826 882 1040 937 copiosior
1085 882 1302 925 nominum
1348 881 1579 925 laterculus
1625 880 1698 935 (cf.

151 951 186 994 P
209 956 251 995 et
272 952 343 1003 H).
394 951 469 996 fol.
492 955 534 994 2¹·
565 955 759 995 ornatum
791 955 856 994 est
885 950 1182 1004 inscriptione:
1213 952 1445 1004 Λαερτίου
1476 949 1700 1006 διογένους

148 1022 247 1073 βίοι
268 1021 341 1063 καὶ
361 1022 536 1076 γνῶμαι
560 1020 650 1061 τῶν
681 1017 726 1060 ἐν
757 1018 1011 1074 φιλοσοφία
1043 1011 1428 1075 εὐδοκιμησάντων
1455 1018 1633 1073 βιβλίον
1655 1020 1697 1061 ἆ.

150 1089 195 1131 111
226 1089 344 1132 calce
376 1089 475 1132 libri
507 1089 587 1131 VII
618 1100 747 1130 unum
788 1091 831 1129 et
870 1086 1095 1129 dimidium
1133 1086 1283 1129 folium
1323 1087 1536 1142 scriptura
1566 1091 1696 1131 caret.

148 1157 223 1200 fol.
251 1159 352 1199 191v
382 1157 543 1199 nullam
577 1154 707 1197 habet
736 1154 1109 1208 subscriptionem.

263 1224 485 1278 Scriptura
523 1222 686 1265 codicis
728 1225 792 1264 est
832 1221 1006 1264 saeculo
1045 1221 1127 1263 XV
1158 1221 1336 1263 multum
1376 1222 1536 1265 usitata
1575 1223 1698 1267 cuius

145 1293 315 1334 litterae
337 1291 524 1345 graciles
544 1288 779 1333 admodum
811 1292 908 1332 sunt
937 1292 1067 1343 atque
1098 1289 1221 1344 quasi
1252 1288 1310 1332 ad
1340 1289 1697 1344 perpendiculum

144 1360 335 1403 directae
367 1373 424 1403 ex
454 1359 582 1401 lineis
611 1357 815 1413 pendent.

259 1427 328 1471 Ad
358 1440 521 1484 paucas
551 1425 689 1482 ipsius
716 1426 883 1469 librarii
914 1426 1201 1470 correctiones
1237 1425 1449 1470 accedunt
1480 1439 1558 1470 eae
1590 1440 1697 1482 quas

144 1510 271 1540 nemo
292 1497 405 1540 alius
426 1496 511 1539 nisi
531 1496 626 1550 ipse
649 1494 882 1539 cardinalis
903 1494 1137 1538 Bessarion
1159 1492 1237 1546 (Ιῖ)
1258 1495 1462 1551 adposuit
1485 1499 1532 1539 ut
1553 1509 1698 1539 earum

146 1578 244 1608 cum
267 1565 480 1619 scriptura
498 1569 627 1607 notae
657 1564 701 1606 in
730 1561 837 1606 folio
859 1563 916 1606 Av
938 1563 1105 1617 positae
1136 1557 1455 1619 comparatione
1487 1564 1696 1608 evincitur

145 1632 216 1683 (cf.
245 1633 376 1675 etiam
407 1633 537 1675 Rosei
569 1632 746 1673 Aristot.
778 1629 979 1685 Pseudep.
1011 1645 1083 1686 pg.
1110 1633 1192 1682 11).

262 1700 382 1752 XVI>
405 1697 572 1744 Codex
586 1697 845 1743 Palatinus
855 1697 1139 1743 ·VatIcanus
1155 1710 1229 1751 gr.
1248 1709 1326 1742 nr.
1344 1697 1432 1741 182
1449 1698 1535 1753 (Ε).
1568 1714 1699 1745 mem-

149 1770 391 1812 branaceus
409 1773 475 1811 est
489 1768 714 1821 formaque
731 1767 1042 1822 propemodum
1063 1768 1264 1810 maxima.
1296 1769 1481 1822 paginae
1498 1782 1698 1813 versuum

147 1839 218 1890 30,
243 1849 394 1880 versus
416 1836 655 1879 litterarum
678 1835 847 1878 circiter
869 1835 936 1877 48.
983 1835 1170 1883 continet
1202 1848 1332 1878 unum
1353 1835 1572 1880 Laertium
1596 1837 1698 1882 Dio-

147 1917 304 1959 genem
335 1904 409 1946 fol.
442 1903 654 1945 11-1981.
715 1903 788 1945 fol.
825 1903 882 1945 Av
917 1903 1129 1957 reperitur
1158 1903 1532 1957 inscriptiunculaz
1577 1906 1696 1948 Ian·

144 1974 284 2017 notii
316 1971 550 2016 Manetti
582 1972 913 2022 (1396—1459).
960 1971 1014 2014 de
1035 1971 1156 2015 euius
1179 1970 1363 2015 hominis
1385 1972 1500 2016 docti
1527 1974 1618 2017 vita
1646 1987 1698 2017 ac

147 2042 355 2084 librorum
387 2040 659 2084 conlectione
690 2039 939 2084 consulendi
961 2039 1351 2097 wiese-Percoppo
1377 2038 1527 2083 Gesclz.
1549 2041 1587 2084 cl.
1607 2041 1698 2084 ital.

146 2107 254 2151 Lz‘tl.
288 2109 436 2160 (1898)
465 2122 538 2163 pg.
562 2109 642 2149 201
678 2113 721 2151 et
750 2109 879 2163 Voigt
919 2108 1214 2151 Wiederbeleb.
1236 2108 1309 2149 des
1328 2108 1456 2153 klass.
1479 2109 1632 2153 Alter-t.
1654 2111 1696 2154 I3

144 2191 216 2232 pg.
249 2179 332 2219 322
351 2190 444 2232 sqq.
484 2181 527 2220 et
562 2176 626 2219 II3
662 2189 732 2231 pg.
765 2177 818 2219 80
849 2190 1002 2232 proxx.
1072 2177 1145 2221 fol.
1181 2180 1220 2220 1¹
1261 2182 1403 2222 exstat
1441 2179 1698 2235 locupletior

143 2246 365 2288 nominum
400 2244 758 2300 philosophorum
795 2245 927 2288 index
963 2246 1030 2296 (cf.
1053 2248 1181 2297 PHI)
1220 2247 1289 2290 cui
1326 2247 1579 2301 inscriptum
1610 2253 1696 2292 est:

144 2315 380 2367 Λαερτίου
403 2311 630 2367 διογένους
648 2314 744 2364 βίοι
763 2313 835 2355 καὶ
857 2314 1029 2368 γνῶμαι
1049 2314 1139 2356 τῶν
1166 2311 1211 2356 ἐν
1242 2313 1500 2371 φιλοσοφία
1531 2309 1696 2360 εὐδοκι-

142 2378 385 2438 μησάντων
423 2381 497 2423 καὶ
536 2381 626 2422 τῶν
657 2378 816 2439 ἑκάστη
849 2381 1062 2438 αἱρέσεων
1095 2377 1372 2436 ἀρεσκόντων
1403 2380 1449 2425 ἐν
1481 2381 1695 2443 ἐπιτομῇ·

144 2447 403 2505 συναγωγὴ·
436 2443 645 2507 διήρηται
675 2448 726 2492 τὸ
761 2449 1022 2507 σύγγραμμα
1053 2449 1118 2501 εἷς
1136 2451 1321 2505 βίβλους
1342 2450 1459 2495 δέκα.
1509 2450 1696 2497 ἑκάστου

139 2517 322 2573 βιβλίου
360 2514 417 2560 τὰ
458 2516 703 2574 πρόσωπα.
765 2520 906 2563 fol.1v
936 2521 1105 2564 titulum
1136 2520 1286 2564 habet:
1330 2524 1564 2577 Λαερτίου
1601 2521 1697 2565 διο-

140 2590 294 2642 γένους
333 2589 431 2642 βίοι
471 2588 546 2630 καὶ
584 2588 758 2643 γνῶμαι
796 2589 886 2631 τῶν
925 2587 970 2631 ἐν
1011 2589 1267 2647 φιλοσοφία
1309 2584 1696 2646 εὐδοκιμησάντων

138 2655 319 2710 βιβλίον
342 2659 385 2698 ἆ.
433 2657 477 2699 111
500 2655 585 2699 fine
606 2656 706 2699 libri
729 2655 809 2699 VII
830 2656 915 2701 duo
940 2657 1050 2701 folia
1069 2659 1170 2710 (140
1193 2663 1235 2703 et
1260 2661 1355 2710 141)
1376 2672 1516 2703 vacua
1544 2658 1698 2702 relicta

141 2728 252 2768 sunt.
314 2725 678 2780 subscriptionem
710 2724 855 2768 inveni
885 2726 1058 2770 nullam.
