1861 3229
885 790 940 832 11.

260 901 397 956 Quae
425 901 567 955 ratio
599 901 752 955 inter
782 899 988 956 codices
1018 899 1222 956 Laertii
1250 899 1565 957 intercedat.

253 1026 466 1079 Quoniam
488 1027 694 1071 librorum
715 1026 1041 1070 Laertianorum
1065 1038 1223 1082 penum
1253 1027 1683 1082 repraesentavimus,

136 1108 222 1149 qua
253 1096 318 1137 illi
349 1096 460 1138 inter
490 1108 536 1138 se
567 1096 733 1137 ratione
765 1096 1062 1137 contineantur
1093 1108 1370 1148 exponemus.

252 1162 519 1217 Quicumque
541 1161 807 1205 adfinitatem
831 1161 1028 1206 codicum
1054 1162 1354 1216 exploraturus
1385 1166 1462 1218 est,
1493 1164 1682 1207 animum

133 1231 329 1272 attendat
366 1243 544 1273 necesse
586 1234 651 1272 est
691 1242 787 1272 cum
817 1229 874 1271 ad
914 1229 1071 1272 menda
1109 1230 1346 1284 scripturae
1385 1234 1515 1284 atque
1555 1231 1681 1274 inter-

131 1297 374 1351 polationes
404 1302 493 1340 tum
524 1297 714 1340 maxime
744 1295 802 1339 ad
833 1296 1023 1340 lacunas.
1086 1309 1197 1352 quae
1228 1300 1387 1351 quanto
1423 1297 1682 1342 adminiculo

130 1363 186 1407 ad
228 1363 557 1419 distinguendos
597 1365 730 1408 libros
771 1364 876 1418 sint,
922 1364 1071 1420 peritis
1111 1364 1284 1407 abunde
1323 1369 1470 1408 notum
1501 1370 1577 1409 est.
1637 1367 1682 1408 in

130 1433 280 1486 primis
317 1437 462 1476 autem
503 1446 581 1476 eae
614 1433 843 1476 verborum
883 1433 1139 1476 omissiones
1179 1433 1363 1477 fructum
1402 1433 1513 1477 ferre
1544 1434 1683 1477 solent

131 1512 242 1554 quae
264 1498 365 1543 inde
387 1504 506 1544 ortae
528 1504 627 1544 sunt
652 1500 767 1555 quod
798 1500 1000 1544 librarius
1032 1501 1223 1555 exempli
1253 1501 1319 1543 sui
1350 1513 1522 1544 versum
1553 1515 1682 1544 unum

132 1569 202 1611 vel
232 1569 378 1623 plures
409 1569 659 1613 transsiluit.
713 1567 863 1611 harum
894 1582 977 1624 ope
1008 1568 1185 1612 minimo
1216 1568 1390 1623 saepius
1413 1572 1455 1612 et
1475 1570 1681 1624 temporis

133 1641 175 1680 et
225 1636 401 1680 chartae
443 1636 673 1693 dispendio
719 1650 849 1680 unum
897 1637 1092 1682 codicem
1138 1650 1193 1680 ex
1245 1637 1381 1680 altero
1434 1638 1679 1681 manavisse

131 1705 417 1748 demonstrari
447 1710 603 1761 potest.
649 1719 673 1749 e
704 1706 917 1749 contrario
948 1706 980 1748 ii
1011 1706 1215 1749 orationis
1248 1704 1388 1749 hiatus
1420 1705 1493 1760 qui
1524 1700 1678 1759 ὁμοιο-

130 1772 322 1830 τελεύτῳ
355 1774 489 1817 616311
520 1778 618 1817 sunt
648 1786 744 1829 per
779 1786 834 1816 se
866 1772 973 1816 nihil
1005 1773 1208 1828 probant:
1238 1773 1451 1828 probandi
1471 1774 1558 1816 vim
1590 1778 1678 1817 tum

130 1843 301 1887 demum
326 1843 640 1896 nanciscuntur,
660 1855 755 1885 cum
771 1842 949 1886 aliunde
971 1843 1107 1897 petita
1126 1841 1377 1885 fulcimenta
1392 1847 1676 1886 accesserunt.

243 1910 364 1962 Quae
404 1910 459 1954 de
499 1910 664 1954 ratione
710 1909 962 1954 adhibenda
1005 1910 1190 1965 praefati
1230 1909 1286 1953 ad
1326 1910 1461 1964 ipsam
1504 1923 1677 1954 causam

125 1979 451 2023 descendamus.

877 2092 928 2134 A.

411 2190 478 2226 De
509 2188 720 2226 codicum
748 2187 1092 2225 Laertianorum
1122 2189 1385 2233 archetypo.

237 2265 475 2308 Universos
498 2265 757 2318 quicumque
780 2263 1006 2305 innotuere
1028 2262 1279 2305 Laertianos
1301 2263 1433 2306 libros
1457 2262 1514 2306 ad
1545 2277 1674 2307 unum

120 2333 405 2388 archetypum
444 2331 603 2375 reverti
644 2344 699 2375 ex
730 2330 1028 2375 communibus
1059 2342 1155 2373 cum
1186 2329 1304 2373 vitiis
1335 2330 1673 2386 interpolationi-

123 2402 288 2455 busque
319 2405 408 2443 tum
440 2401 604 2443 lacunis
635 2399 816 2442 adfatim
849 2403 981 2455 patet.
1043 2411 1223 2453 quarum
1261 2399 1484 2452 graviores
1520 2401 1673 2443 saltem

120 2470 314 2514 indicare
356 2469 489 2512 lubet.
551 2468 867 2523 spatiosissima
902 2471 1047 2511 autem
1088 2467 1165 2509 illa
1204 2470 1269 2510 est
1307 2479 1418 2522 quae
1459 2472 1599 2512 exstat
1628 2470 1672 2513 in

120 2540 239 2583 calce
261 2538 363 2581 libri
381 2537 460 2580 VII
490 2538 563 2580 ubi
594 2538 638 2580 in
660 2536 804 2580 medio
825 2550 1007 2581 recensu
1028 2536 1281 2591 scriptorum
1305 2534 1672 2593 Chrysippeorum

121 2608 257 2651 oratio
282 2606 403 2651 hiare
425 2606 590 2662 incipit.
643 2610 805 2661 quanta
836 2619 939 2649 vero
970 2605 1100 2648 fuerit
1130 2618 1230 2660 pars
1262 2604 1490 2660 deperdita
1519 2605 1670 2660 imagi-

121 2677 211 2718 nari
253 2676 355 2719 licet
401 2689 484 2731 ope
529 2675 737 2730 plenioris
778 2688 862 2730 quo
904 2674 1078 2719 codices
1117 2673 1296 2717 PHIEY
1336 2672 1530 2717 instructi
1574 2677 1671 2717 sunt

123 2743 304 2786 vitarum
325 2743 684 2798 philosophorum
704 2743 880 2787 indicis:
903 2757 987 2798 quo
1009 2743 1238 2787 edocemur
1259 2746 1431 2797 praeter
1451 2741 1669 2785 Zenonem
