1861 3229
161 161 215 200 80
761 157 930 202 Edgarus
953 156 1116 195 Martini.

276 274 434 319 Menda
449 273 689 329 scripturae
704 272 968 329 paucissima
983 272 1078 327 ipse
1093 271 1295 316 librarius
1312 272 1423 317 inter
1437 270 1711 317 scribendum

159 344 358 397 correxit,
383 341 569 397 plurima
588 342 762 385 sustulit
792 345 1007 385 corrector
1026 341 1185 396 aliquis
1205 340 1369 383 saeculi
1390 340 1495 383 XIV
1518 338 1614 393 (132)
1635 341 1708 395 qui

158 412 219 454 uti
242 410 352 453 solet
371 412 614 452 atramento
644 409 792 464 paullo
825 407 1070 453 obscuriore
1101 421 1231 464 quam
1252 407 1467 452 librarius.
1498 421 1551 452 ac
1570 407 1711 451 multa

158 477 333 532 quidem
368 477 444 519 ille
472 477 723 521 emendavit
752 477 919 521 vitiosis
948 477 1104 520 litteris
1135 475 1344 531 scalpello
1380 476 1536 531 erasis,
1574 475 1711 519 multa

155 546 257 589 ilico
304 544 504 589 correxit.
565 546 801 589 maximam
849 548 993 589 autem
1034 558 1179 589 curam
1220 544 1456 599 impertivit
1494 557 1591 588 cum
1630 543 1709 587 ita-

158 613 303 656 cismis
335 612 532 657 eluendis
564 617 654 656 tum
685 614 1017 669 interpunctioni
1048 611 1364 656 emendandae:
1395 612 1546 667 quoin
1566 610 1709 655 studio

155 684 300 724 tamen
337 681 436 737 plus
478 682 614 725 semel
652 682 800 738 lapsus
842 686 917 726 est.
965 685 1124 737 puncta
1162 680 1265 725 bina
1302 680 1345 723 in
1384 678 1469 724 fine
1499 679 1710 724 maiorum

157 749 352 793 colorum
392 751 618 794 conlocata
657 750 715 794 ad
746 765 843 795 eum
873 754 1156 796 revertuntur.
1216 748 1366 794 sedulo
1396 749 1573 793 lacunas
1603 761 1631 792 a
1659 748 1709 791 li·

157 818 303 862 brario
344 818 518 864 relictas
560 820 802 876 supplevit,
841 820 1059 865 rarissime
1099 817 1263 863 hiatum
1301 818 1476 874 reliquit
1513 820 1708 874 apertum

155 889 210 935 (e.
233 901 296 941 gr.
318 888 346 929 l.
369 886 408 929 V
430 888 551 939 60)¹).
612 889 872 944 ubicumque
902 894 1046 933 autem
1076 889 1120 931 in
1152 891 1355 932 contextu
1385 887 1605 942 scriptoris
1635 890 1710 930 aut

158 955 372 1010 epistulae
403 960 478 999 aut
508 969 658 1000 versus
688 961 763 1000 aut
792 961 1048 1001 testamenta
1076 956 1294 1011 leguntur,
1336 955 1381 998 in
1410 955 1604 1011 margine
1633 954 1709 999 ad-

159 1023 302 1078 pinxit
332 1024 501 1078 signum
524 1038 568 1075 ς.
600 1038 697 1068 raro
726 1025 958 1081 adscripsit
987 1026 1176 1080 sigillum
1208 1023 1275 1082 σή.
1327 1024 1486 1067 multae
1522 1023 1709 1078 denique

160 1091 337 1134 notulae
376 1091 529 1146 quibus
570 1105 624 1135 ea
658 1106 770 1147 quae
807 1098 1031 1137 narrantur
1068 1093 1247 1137 strictim
1287 1092 1529 1136 indicantur
1566 1091 1622 1134 ab
1658 1104 1709 1134 eo

157 1158 378 1212 profectae
417 1163 536 1213 sunt,
579 1161 814 1216 praecipue
854 1161 955 1204 illae
996 1173 1107 1215 quae
1147 1173 1225 1215 per
1255 1160 1411 1203 librum
1442 1158 1613 1202 tertium
1644 1157 1708 1201 di-

154 1240 329 1282 spersae
362 1227 647 1271 inveniuntur.

267 1295 416 1338 Tertia
459 1309 610 1340 manus
644 1294 737 1348 (13³)
784 1298 904 1341 cuius
949 1297 1175 1340 atramenti
1220 1297 1338 1341 color
1379 1295 1708 1351 limpidissimus

152 1367 218 1406 est
257 1363 476 1407 rarissime
517 1370 751 1420 comparet.
815 1366 1001 1410 correxit
1039 1379 1259 1421 perpauca
1289 1366 1331 1408 in
1363 1364 1555 1419 margine
1585 1364 1707 1420 libri;

153 1432 228 1475 iol.
261 1430 426 1474 LXVII
455 1431 687 1489 adscripsit-
716 1434 930 1478 vocabula
959 1431 1082 1485 θεός,
1117 1431 1248 1486 ἰδέαι,
1279 1432 1385 1487 περὶ
1417 1425 1603 1487 ἀγαθῶν
1632 1431 1706 1474 καὶ

155 1501 321 1542 κακῶν.
353 1502 586 1556 ceteroqui,
616 1503 660 1545 ni
692 1503 867 1558 egregie
897 1503 1037 1558 fallor,
1068 1502 1152 1547 nisi
1182 1503 1226 1545 in
1256 1502 1377 1546 libris
1407 1500 1569 1544 III—V
1588 1500 1707 1544 nulla

154 1569 246 1612 eius
277 1568 656 1623 deprehenduntur
686 1571 883 1624 vestigia.

272 1636 495 1681 Postremo
544 1651 875 1681 commemorem
930 1639 1141 1681 maximas
1182 1638 1226 1680 in
1274 1635 1423 1680 codice
1463 1635 1706 1681 Burbonico

153 1705 301 1748 turbas
332 1706 582 1760 progenitas
611 1718 706 1749 esse
738 1706 966 1749 oscitantia
996 1705 1256 1761 bibliopegi:
1288 1704 1343 1748 de
1373 1704 1529 1759 quibus
1559 1708 1706 1749 curate

152 1774 319 1817 rettulit
340 1774 538 1818 Erwinus
560 1772 766 1818 Rohdeus
797 1774 841 1816 in
871 1787 1012 1830 progr.
1045 1772 1291 1819 Nietzscbei
1322 1772 1438 1829 quod
1460 1773 1706 1817 inscribitur

152 1840 361 1896 Beitraqe
398 1857 438 1882 z.
476 1840 689 1893 Quellenlc.
726 1855 764 1883 u.
796 1839 946 1882 Krz'tz'lc
977 1841 1014 1883 d.
1046 1841 1198 1884 Laert.
1229 1841 1358 1895 Dz'oq.
1391 1841 1538 1891 (Basil.
1579 1843 1705 1892 1870)

148 1924 219 1965 pg.
255 1913 305 1951 17
339 1922 432 1965 sqq.

264 1978 449 2022 Saeculo
481 1975 610 2020 XIII
640 1982 727 2021 tres
758 1977 859 2020 libri
900 1978 1161 2032 adsignandi
1203 1982 1312 2021 sunt.
1374 1991 1554 2033 quorum
1595 1978 1703 2020 anti-

147 2046 378 2101 quissimus
416 2050 480 2090 est

262 2114 320 2165 ΙΙ)
353 2112 519 2157 Codex
551 2111 816 2158 Vaticanus
845 2124 921 2167 gr.
953 2124 1033 2156 nr.
1064 2112 1190 2159 1302
1221 2111 1299 2168 (V)
1340 2114 1414 2169 qui
1453 2114 1702 2170 priusquam

148 2182 386 2226 Vaticanae
418 2182 711 2227 bibliothecae
743 2183 1012 2238 insereretur,
1044 2182 1189 2226 Fulvii
1210 2182 1356 2227 Ursini
1386 2183 1703 2235 (1529—1600)

149 2255 252 2293 erat.
291 2251 577 2306 bombycinus
609 2255 675 2294 est
704 2252 928 2308 formaque
958 2252 1162 2294 maxima.
1203 2251 1247 2294 in
1279 2264 1364 2305 quo
1395 2250 1703 2307 perscribendo

148 2319 390 2373 complures
426 2332 577 2362 manus
616 2319 962 2363 elaboraverunt.
1015 2320 1204 2363 continet
1244 2323 1389 2362 autem
1428 2319 1503 2362 fol.
1528 2321 1703 2362 lr-—82'

146 2386 311 2429 Laertii
342 2386 552 2441 Diogenis
593 2399 701 2440 opus
733 2387 833 2430 inde
864 2402 892 2430 a
920 2388 950 2429 l.
981 2387 1002 2430 1
1034 2389 1054 2427 1
1089 2400 1224 2441 usque
1255 2386 1312 2429 ad
1351 2387 1380 2429 l.
1412 2385 1472 2429 VI
1505 2388 1581 2442 663
1627 2387 1701 2431 fol.

146 2455 380 2496 831—140*
412 2454 523 2497 med.
555 2453 773 2509 Theophr.
807 2454 917 2497 Eoec.
950 2455 1096 2510 phy-eq
1148 2454 1221 2498 fol.
1257 2457 1357 2504 140,v
1387 2455 1500 2499 med.
1524 2479 1573 2485 —
1601 2456 1702 2498 148v

263 2559 295 2597 1)
321 2555 467 2591 Scilicet
491 2553 681 2600 proprium
705 2556 786 2589 erat
808 2553 949 2590 librarii
973 2555 1110 2591 codicis
1138 2555 1341 2591 Burbonici
1379 2555 1701 2600 quotienscumque

145 2621 239 2655 quae
269 2611 307 2646 in
339 2612 504 2658 exemplo
536 2622 607 2657 quo
640 2610 812 2647 utebatur
846 2613 949 2646 erant
979 2612 1096 2657 legere
1126 2611 1355 2656 nequiverat,
1391 2610 1550 2656 spatium
1583 2609 1700 2646 maius

147 2667 309 2703 minusve
333 2668 463 2704 litteris
487 2679 643 2704 vacuum
667 2668 883 2713 relinquere.
