1861 3229
176 180 232 217 94
773 178 943 221 Edgarus
968 178 1132 214 Martini.

178 298 282 338 292v
313 296 553 339 continetur
582 294 744 336 Laertii
767 293 975 347 Diogenis
1007 307 1136 348 opus3
1169 295 1241 337 fol.
1263 295 1527 339 2931-302'
1548 295 1727 339 Luciani

190 362 281 404 Vita
303 362 601 416 Demonactc's3
631 361 704 404 fol.
731 362 997 404 3O2V—3O4v
1017 362 1162 405 nescio
1184 362 1549 422 cuius-scriptoris
1580 363 1726 417 dispu-

177 433 282 474 tatio
312 428 428 485 πρὸς
451 428 687 487 Πλήθωνα
708 422 735 486 ἢ
757 430 862 484 περὶ
883 429 961 486 τῆς
980 428 1138 483 βίβλου
1167 430 1265 480 (inc.
1288 424 1323 470 ὠ
1344 428 1551 484 ΙΙλήθων
1573 427 1728 487 ἄριστε

173 501 245 543 καὶ
284 502 435 557 σοφέ);
476 500 551 544 fol.
575 501 836 543 3051—308r
867 499 1080 554 completa
1119 502 1217 542 sunt
1252 497 1444 543 frustulis
1484 501 1673 545 maxime
1703 514 1727 544 e

175 570 417 612 Ptolomaei
452 567 728 623 Geoqraplzz‘a
758 569 918 623 petitis.
973 568 1118 610 omnia
1146 581 1255 610 unus
1286 568 1428 611 scriba
1458 570 1668 611 exaravit.

289 638 576 693 Inscriptione
598 637 762 681 Laertii
792 637 901 680 liber
933 639 1105 680 ornatus
1138 640 1203 679 est
1233 634 1335 679 hac:
1367 637 1600 691 Λαερτίου
1632 634 1727 679 διο-

173 708 325 761 γένους
360 709 475 760 βίων
513 706 589 748 καὶ
629 707 815 762 γνωμῶν
846 706 933 747 τῶν
966 703 1010 746 ὲν
1046 703 1301 762 φιλοσοφία
1341 698 1727 760 εὐδοκιμησάντων

172 776 246 817 καὶ
277 776 369 817 τῶν
401 774 446 817 ἐν
478 773 640 830 ἑκάστη
675 774 846 828 αἱρέσει
878 768 1135 828 ἆρεσάντων
1165 773 1254 815 τῶν
1287 771 1351 823 εἰς
1382 772 1486 816 δέκα
1516 770 1566 816 τὸ
1600 773 1727 829 πρῶ-

173 859 265 884 τον.
328 844 372 886 in
402 843 487 886 fine
518 843 545 885 1.
569 843 612 885 X
643 842 753 885 haec
784 842 1041 896 subscriptio
1073 843 1239 884 librarii
1270 843 1446 896 legitur:

235 910 343 954 ἰδών
367 915 461 967 (pro
486 908 611 963 ἰδών)
631 907 682 953 τὸ
705 911 846 965 τέρμα
867 907 946 966 τὴν
964 907 1093 965 χάριν
1114 910 1212 952 θεῶ
1243 908 1367 953 δίδον
1398 910 1490 966 (pro
1512 907 1668 961 δίδου).

176 981 468 1035 conscriptum
501 993 596 1023 esse
628 980 784 1022 librum
814 980 843 1022 S
874 993 959 1022 non
990 984 1089 1022 ante
1120 980 1339 1022 saeculum
1360 979 1442 1021 XV
1470 979 1569 1022 inde
1597 978 1726 1022 effici-

176 1054 245 1090 tur
267 1048 382 1101 quod
412 1048 749 1100 disputationem
780 1047 990 1091 adversus
1011 1047 1265 1090 Plethonem
1296 1044 1370 1100 (m.
1392 1061 1431 1090 a.
1458 1049 1582 1096 1451)
1614 1060 1726 1090 com-

175 1116 362 1169 positam
394 1115 584 1158 continet
616 1126 726 1168 quae
758 1119 870 1157 certe
891 1127 975 1157 non
998 1114 1194 1157 hocloco
1216 1114 1400 1168 primum
1429 1114 1590 1168 publici
1621 1114 1726 1156 iuris

172 1184 289 1225 facta
320 1189 396 1225 θεῖ.

286 1250 568 1293 Correcturae
600 1249 700 1292 libri
731 1249 1021 1304 paucissimae
1056 1250 1215 1305 partim
1245 1250 1302 1294 ad
1333 1251 1473 1306 ipsum
1505 1250 1726 1293 librarium

170 1319 364 1373 redeunt,
388 1319 545 1373 partim
564 1317 622 1361 ad
639 1318 771 1361 aliam
790 1332 964 1361 manum
981 1319 1228 1363 obscuriore
1248 1320 1470 1375 pigmento
1488 1333 1609 1363 usam
1626 1317 1723 1370 (82).

285 1386 354 1429 Ab
386 1386 541 1429 eodem
572 1386 751 1429 librario
783 1398 868 1440 quo
900 1386 1011 1429 liber
1042 1386 1071 1428 S
1104 1391 1306 1430 exaratus
1339 1391 1404 1430 θεῖ

285 1455 386 1504 XII)
410 1453 577 1499 Codex
593 1453 957 1497 Laurentianus
978 1452 1105 1510 plut.
1124 1452 1288 1497 LXIX
1305 1466 1383 1497 nr.
1403 1453 1462 1497 28
1478 1453 1566 1507 (G).
1602 1454 1723 1499 char-

170 1530 319 1566 taceus
358 1528 423 1565 θεῖ
461 1524 684 1577 formaque
724 1527 892 1566 octava.
952 1524 1138 1577 paginae
1179 1536 1380 1567 versuum
1410 1528 1508 1567 sunt
1538 1525 1722 1578 27-30,

171 1603 321 1634 versus
355 1591 591 1634 litterarum
624 1592 805 1633 35—38.
860 1591 1050 1634 continet
1079 1604 1208 1633 unum
1240 1591 1457 1635 Laertium
1480 1592 1721 1646 Diogenem

171 1660 244 1702 fol.
273 1660 487 1701 11—262‘7.
536 1659 781 1702 inscribitur
801 1659 872 1701 fol.
898 1661 957 1701 11:
989 1660 1221 1712 Λαερτίου
1253 1658 1476 1714 ὁιογένους
1505 1662 1617 1714 βίων
1647 1661 1720 1703 καὶ

169 1727 358 1782 γνωμῶν
384 1727 472 1767 τῶν
495 1723 540 1767 ἐν
562 1725 818 1782 φιλοσοφία
846 1720 1231 1781 εὐδοκιμησάντων
1261 1727 1335 1768 καὶ
1365 1728 1453 1768 τῶν
1484 1725 1529 1768 ἐν
1560 1725 1719 1784 ἑκάστη

172 1794 343 1849 αἱρέσει
375 1789 632 1848 άρεσάντων
662 1795 751 1835 τῶν
782 1792 846 1842 εἷς
878 1792 982 1834 δέκα
1012 1792 1062 1835 τὸ
1096 1795 1289 1848 πρῶτον.
1341 1796 1524 1849 scriptus
1556 1800 1619 1839 est
1650 1795 1721 1839 hic

82 1869 86 1873 '
168 1864 280 1906 liber
311 1863 533 1917 aliquanto
564 1862 865 1916 neglegentius
897 1875 1024 1916 quam
1054 1862 1098 1904 S.

282 1930 507 1983 Quaedam
531 1930 690 1974 menda
711 1931 806 1985 ipse
828 1930 1029 1974 librarius
1052 1930 1217 1974 delevit
1237 1931 1311 1985 qui
1342 1930 1471 1973 etiam
1501 1930 1567 1974 bis
1598 1935 1718 1974 terve

166 2001 328 2043 omissa
358 2000 402 2041 in
433 2000 629 2053 margine
672 1999 891 2054 supplevit
928 2000 1159 2054 muniaque
1202 2000 1477 2043 rubricatoris
1509 2000 1717 2055 explevit.

165 2069 321 2110 librum
342 2068 527 2122 primum
549 2067 726 2121 insuper
755 2068 1038 2121 pertractavit
1068 2071 1283 2111 corrector
1312 2067 1459 2110 nescio
1492 2068 1587 2121 quis
1609 2065 1715 2118 (G2).

277 2136 402 2186 XIII)
436 2133 603 2178 Codex
633 2132 850 2178 Urbinas
881 2145 955 2186 gr.
978 2146 1055 2178 nr.
1078 2133 1167 2178 109
1193 2133 1289 2188 (Τ).
1349 2134 1602 2178 chartaceus
1633 2136 1715 2177 for-

163 2217 317 2258 maque
348 2203 553 2244 maxima.
615 2203 803 2256 paginae
834 2215 1034 2245 versuum
1067 2207 1164 2245 sunt
1195 2205 1263 2254 36,
1299 2215 1449 2245 versus
1478 2203 1716 2245 litterarum

163 2272 332 2314 circiter
353 2272 421 2311 46.
466 2269 540 2312 fol.
563 2275 609 2312 aV
632 2269 764 2312 habet
784 2269 1000 2311 notulam:
1028 2266 1180 2312 “comi
1211 2267 1259 2311 τὸ
1285 2267 1512 2324 ἑλληνικὸν
1532 2268 1716 2322 βυβλίον

163 2341 286 2381 ἔστιν
306 2338 386 2379 τοῦ
409 2335 516 2390 ἐμοῦ
537 2338 753 2391 γεωργίου
775 2334 1036 2392 ἑρμωνύμου
1055 2336 1234 2394 ἕλληνος
1248 2338 1313 2379 τῶ
1327 2331 1460 2391 γένει’
1481 2338 1716 2392 paulloque

163 2408 361 2451 inferius:
390 2402 497 2449 ‘hic
518 2406 659 2448 liber
680 2410 762 2448 cst
782 2406 881 2448 mei
905 2405 1127 2461 Georgii
1151 2405 1479 2460 Hermonymi
1500 2406 1715 2449 natione

163 2469 396 2519 Graeci'.
450 2487 631 2529 quarum
662 2474 987 2528 inscriptionum
1018 2476 1230 2530 scriptura
1261 2488 1356 2518 cum
1385 2474 1529 2517 manui
1551 2474 1714 2517 codicis

162 2545 290 2598 plane
322 2543 586 2587 conveniens
617 2543 685 2596 sit,
723 2542 959 2596 Georgium
989 2543 1330 2597 Hermonymum
1361 2542 1460 2585 libri
1491 2542 1713 2585 Urbinatis

165 2615 243 2654 109
276 2612 462 2656 scribam
495 2625 590 2655 esse
621 2614 754 2667 patet.
815 2610 894 2653 fuit
933 2611 1013 2655 iste
1045 2610 1282 2655 Graeculus
1319 2608 1525 2655 oriundus
1557 2608 1713 2665 Sparta

162 2683 231 2731 (cf.
262 2680 535 2735 Bernhardyi
572 2677 808 2721 Grzmdre‘ss
838 2678 877 2721 d.
907 2694 973 2733 qr.
1005 2678 1207 2722 Litterat.
1247 2679 1289 2721 I5
1331 2675 1474 2735 [1892]
1514 2691 1586 2733 pg.
1611 2679 1711 2727 794)
